3442 5642
499 523 679 567 rrnnnnunr
701 523 903 570 rrramcrnsn
1270 505 1307 568 59

89 765 207 832 seculo
240 763 477 856 qualicumque
509 763 612 830 modo
633 763 808 830 recederet
829 763 1013 850 predictam
1028 761 1201 829 eeclesiam
1225 761 1309 828 libe-

88 891 162 938 ram
179 861 403 958 etquitam'et
423 870 496 936 sine
519 870 611 936 omni
627 867 859 958 inpedimento
872 867 915 935 ad
935 869 1191 956 Piperacensem
1206 866 1309 934 abba·
1376 947 1377 952 ἵ

18 991 19 1064 g
89 982 158 1044 tem
177 983 210 1044 et
223 977 344 1044 fratros
364 976 427 1043 sub
445 995 485 1042 eo
501 974 663 1062 degentes
680 973 788 1042 redire
809 975 942 1042 taceret.
968 973 1065 1052 Quod
1078 975 1124 1040 ita
1141 992 1177 1040 se
1192 972 1307 1040 obser-

18 1073 19 1086 ³
86 1089 249 1150 vatorum
268 1080 430 1149 Beraldus
449 1101 553 1168 supra
579 1085 693 1171 sancta
720 1081 895 1168 evarrgelia
910 1080 1046 1168 propria
1068 1099 1173 1147 manu
1192 1080 1308 1145 firma-

89 1191 151 1256 vit.
184 1189 223 1255 Et
241 1189 343 1256 frater
371 1189 444 1276 ejus
459 1188 558 1280 Hugo
575 1188 729 1254 similiter
744 1187 903 1253 firmauit.
924 1186 989 1284 Sed
1006 1190 1186 1273 antequam
1201 1184 1305 1252 abbas

88 1297 179 1363 hanc
204 1295 460 1362 concessionem
479 1293 619 1361 Beraldo
634 1294 778 1374 fecisset,
800 1292 961 1360 Beraldus
981 1292 1146 1381 siquidem
1159 1291 1236 1380 jure
1253 1290 1307 1373 vel

18 1457 21 1468 ,
90 1423 162 1471 non
179 1403 256 1491 jure
285 1403 320 1468 in
343 1399 532 1488 supradicta
555 1400 691 1468 ccclesia
691 1450 779 1468 .......
801 1400 867 1488 (stc)
895 1400 1039 1467 habebat
1058 1399 1160 1466 volsa
1179 1397 1304 1466 habere

90 1510 217 1578 debere
236 1509 366 1577 dicebat
381 1509 415 1576 in
436 1529 539 1575 manu
562 1498 710 1596 episcopi
733 1507 805 1574 sine
829 1507 921 1573 omni
946 1505 1305 1592 retentionereliquim

89 1622 123 1684 ct
139 1617 242 1684 frater
260 1615 334 1703 ejus
364 1615 517 1684 similiter
544 1614 641 1701 Hugo
669 1614 812 1704 reliquit.
839 1613 933 1679 Hanc
955 1618 1070 1679 autem
1088 1611 1306 1679 donationem

88 1724 168 1792 iecit
200 1723 379 1810 episcopus
395 1725 482 1788 sicut
503 1722 659 1808 superius
683 1719 808 1786 dictum
831 1720 935 1786 estin
958 1718 1104 1806 capitulo
1124 1717 1307 1794 Aniciensi,

88 1827 305 1916 presentibus
333 1826 468 1915 prelatis
497 1831 529 1894 et
557 1825 846 1914 archipresbiteris
877 1830 910 1892 et
935 1825 1009 1891 aliis
1037 1823 1206 1891 canonicis
1231 1822 1312 1913 Αῐιί-1

89 1933 263 2002 ciensibus
282 1939 428 2022 quorum
451 1934 514 2001 hec
534 1933 672 2000 nomina
696 1931 834 1999 fuerunt
857 1955 863 1996 :
895 1931 1086 2019 Stephanus
1101 1928 1306 2018 prepositus,

18 2119 19 2126 ἵ
89 2043 285 2109 Armannus
316 2039 358 2108 de
389 2041 549 2128 Segureto
578 2043 611 2107 et
641 2038 743 2105 irater
772 2039 845 2126 ejus
874 2038 1077 2127 Stephanus,
1102 2037 1309 2103 Bertrannus

18 2209 19 2216 ,
90 2148 242 2229 sacrista,
271 2147 356 2216 Otho
386 2146 654 2235 archipresbiter,
682 2146 799 2213 Petrus
823 2145 866 2213 de
894 2145 1015 2212 Grasac
1037 2142 1306 2231 archipresbiter,

18 2259 19 2266 ’
90 2255 232 2321 Pontius
247 2253 290 2321 de
303 2253 509 2332 Glavellario,
524 2251 787 2331 Gualdamanus,
802 2253 917 2318 Petrus
933 2251 1035 2318 abbas
1051 2249 1092 2316 de
1107 2248 1303 2327 Montrevel,

18 2427 19 2432 ,
88 2359 269 2428 Villelmus
288 2359 329 2427 de
341 2360 462 2439 Saisao,
479 2357 616 2437 Pontius
631 2357 673 2424 de
688 2357 886 2437 Barcillono,
897 2356 1083 2444 AstorgiuS,
1101 2353 1305 2432 Bernardus,

89 2466 299 2534 Humbertus
320 2463 361 2530 de
381 2464 496 2544 Turre,
524 2464 630 2550 Guigo¹
659 2461 701 2530 de
726 2465 882 2543 Duneriu,
905 2464 1098 2528 Armannus
1120 2461 1162 2528 de
1185 2461 1305 2526 Sancto

18 2597 19 2610 ¹
89 2569 269 2655 Quintiae,
289 2573 375 2641 Boso
396 2573 437 2640 de
457 2571 638 2651 Lardairol,
665 2569 826 2637 Arbertus
842 2570 1028 2648 Plautinus,
1051 2569 1167 2634 Petrus
1183 2567 1305 2654 Super-

18 2719 19 2774 f
88 2683 168 2760 buS,
185 2680 386 2747 Vnillelmus
399 2677 639 2756 taucerandus,
657 2678 774 2744 Petrus
789 2677 961 2763 magister,
983 2675 1163 2752 Quartinus
1182 2692 1307 2760 cogno-

18 2825 19 2844 1
88 2789 182 2854 mine
215 2787 405 2874 Stephanus
425 2784 573 2864 Geraula,
598 2785 714 2851 Petrus
743 2783 947 2850 Bertrandns
976 2781 1144 2860 sacerdos
1167 2779 1306 2846 Pontius
1389 2786 1392 2793 ’

89 2893 265 2973 (heraldus
290 2892 452 2960 Geraldus
471 2891 706 2959 elemosinario
721 2894 917 2978 procurator
932 2895 965 2956 et
978 2888 1196 2977 quamplures
1209 2906 1309 2954 cano-

18 2983 19 2996 *
89 3002 156 3068 nici
173 3006 205 3069 et
219 3000 340 3068 clerici.
368 2999 521 3066 Interfuit
539 2998 640 3065 etiam
661 2995 853 3063 Armandns
873 2997 1061 3063 vicecomes
1080 2999 1113 3061 et
1135 2994 1310 3062 Heraclius

89 3108 182 3175 filius
210 3107 295 3194 ejus,
328 3107 445 3175 Petrus
477 3104 676 3184 Ademarus,
709 3104 827 3172 Petrus
856 3102 1059 3170 Vnillelmus
1091 3100 1306 3179 castellanae,

89 3212 299 3300 badulphus,
321 3213 459 3280 Pontius
470 3211 632 3298 Rorgues,
647 3212 786 3278 Pontius
800 3210 999 3289 vicecomes,
1015 3207 1179 3275 Geraldus
1196 3207 1304 3285 bimo,

88 3319 291 3388 Guillelmus
317 3318 486 3406 d'dgreim
514 3307 716 3386 bertrandus
741 3318 854 3397 Motet,
876 3315 1097 3402 Berengarius
1117 3313 1159 3380 de
1184 3313 1311 3380 Glaval·

87 3423 315 3505 lario,-Guido
345 3423 387 3491 de
409 3423 556 3502 Gharais,
584 3424 722 3490 Pontius
747 3421 789 3489 de
814 3424 917 3490 Turre
922 3472 987 3488 .....
1015 3421 1089 3507 (cic)
1119 3418 1309 3486 Bernardus

87 3531 304 3612 Vnillelmus,
326 3529 522 3617 hadulphus
539 3529 677 3616 Spoleti,
697 3529 826 3609 Petrus,
849 3529 953 3616 Guigo
975 3527 1085 3594 Sancti
1104 3526 1252 3602 Quintini
1278 3529 1311 3592 et

18 3687 19 3690 ,
88 3639 205 3726 plures
235 3637 289 3704 alii
320 3636 560 3703 adfueruntot
587 3635 790 3703 Vnillelmus
823 3635 918 3702 himo
954 3632 1169 3701 Podomniaci
1204 3629 1307 3719 prior,

88 3747 296 3812 bertrannus
316 3745 477 3831 burgum,
495 3742 707 3819 Vnillelmus,
732 3742 929 3820 Dalrrratius,
950 3741 1113 3818 canonici,
1135 3745 1168 3806 et
1193 3740 1310 3806 Petrus

79 3850 338 3936 ,diaconusqui
367 3847 471 3935 hujus
501 3849 639 3914 ecclesie
672 3847 802 3914 donum
828 3848 869 3914 ab
903 3846 1062 3934 episcopo
1099 3853 1132 3912 et
1159 3845 1306 3932 capitulo
1354 3917 1355 3920 Ἴ

18 3943 19 3946 “
88 3962 315 4043 susceperunt
330 3960 362 4021 et
377 3955 560 4041 predictam
586 3955 841 4021 concessionem
858 3954 929 4021 rice
946 3953 999 4020 sui
1019 3951 1148 4019 abbatis
1163 3949 1303 4018 beraldo

87 4065 344 4129 concesserunte
367 4061 544 4127 Concessio
565 4066 677 4127 autem
703 4065 825 4127 istaec
849 4065 967 4126 tenore
990 4059 1074 4125 facta
1101 4057 1164 4124 init
1189 4062 1226 4124 ut
1244 4058 1305 4124 Ba-

88 4166 207 4234 ruldns
228 4187 375 4233 marcam
412 4167 540 4253 argenti
573 4167 743 4234 canonicis
765 4164 1106 4234 Podomniaoensibus
1129 4165 1304 4231 annuatim

18 4311 19 4324 ι
88 4275 247 4351 solueret,
277 4271 452 4355 dimidiam
480 4274 515 4340 in
541 4272 661 4340 sinodo
692 4293 757 4361 que
782 4278 860 4339 ante
886 4273 1106 4339 Pentecosten
1136 4270 1307 4358 agitaret

87 4380 189 4446 aliam
210 4377 384 4445 dimidiam
416 4379 451 4444 in
476 4378 595 4446 sinodo
615 4399 680 4467 que
710 4371 873 4446 demere
910 4378 966 4464 (in)
995 4375 1144 4444 adventu
1176 4375 1310 4442 Domini

87 4485 288 4560 celebratur.
305 4485 403 4576 Quod
417 4489 528 4553 totum
551 4488 728 4573 episcopus
752 4506 829 4552 cum
849 4485 1007 4574 predictis
1029 4483 1166 4576 capituli
1186 4483 1310 4550 confir-
