3442 5642
348 587 385 648 ta
752 605 935 650 rasurarum
956 603 1159 650 nrrnatcrusn

1307 699 1569 714 ana-*unnu-

346 865 464 927 avena,
491 846 534 914 VI
559 833 716 940 denarius
735 846 749 912 Ι
768 846 928 933 gallinam
948 851 981 914 at
999 844 1215 915 medietatem
1235 847 1344 934 quarti
1367 844 1466 912 uiuae
1484 842 1570 912 dicti

346 951 400 1019 W.
433 951 476 1020 de
497 951 666 1041 Langlada
689 957 722 1020 et
741 953 897 1040 quintum
916 953 1015 1020 vinee
1035 951 1121 1020 Patri
1144 951 1186 1020 de
1200 951 1318 1020 Neiraa
1333 969 1400 1040 que
1427 950 1489 1016 sita
1513 954 1571 1016 est

344 1056 434 1146 apud
459 1058 645 1126 Mereuirol.
673 1059 901 1127 Naiavalduna
925 1059 993 1145 (sie)
1022 1059 1091 1134 xli
1109 1057 1283 1138 denaries;
1305 1057 1419 1125 Bestol
1447 1056 1567 1124 Icari.

345 1164 499 1252 siliginis,

843 1529 849 1539 ’
889 1571 1015 1639 ritu.
1150 1520 1154 1528 ¹

387 1831 536 1897 Noscant
547 1835 617 1897 tam
632 1833 809 1918 presentes
820 1849 921 1918 quam
934 1830 1061 1918 posteri
1077 1829 1167 1918 qued
1182 1848 1244 1918 ego
1256 1829 1456 1917 bustorgius
1468 1829 1570 1918 Pipa·

341 1937 409 2004 raei
424 1937 523 2004 miles
544 1935 681 2019 vendidi
692 1938 750 2005 W⁰
769 1936 902 2004 Garime
918 1936 1027 2004 abbati
1047 1936 1268 2005 et·canenieis
1287 1936 1570 2024 PiperaeenSIbus

341 2063 500 2132 campum
534 2040 576 2110 de
599 2043 768 2131 Langlada
788 2046 822 2110 et
856 2041 1046 2110 dominium
1065 2043 1156 2132 <pund
1183 2044 1218 2109 in
1241 2041 1362 2110 eudem
1380 2042 1565 2124 habebam,

341 2151 467 2218 seilicet
486 2154 646 2239 quartum
666 2155 699 2217 et
722 2149 813 2216 VIIII
827 2147 984 2216 denarius
998 2169 1059 2237 pru
1078 2148 1189 2216 dudd.
1208 2149 1337 2216 solidis,
1356 2148 1427 2216 Hoc
1449 2153 1568 2216 autern

340 2256 467 2323 factum
487 2257 592 2324 estin
612 2257 758 2324 elaustro
789 2255 1001 2344 Piperaeensi
1016 2260 1094 2323 ante
1110 2255 1252 2343 januam
1274 2255 1384 2347 Sancti
1400 2255 1568 2324 lobannis

340 2381 453 2430 ueram
469 2361 605 2430 Artalde
627 2361 760 2429 Talliaei
777 2366 811 2429 et
829 2361 1002 2429 Armande
1015 2361 1119 2429 fratre
1138 2361 1225 2450 ejus,
1259 2360 1476 2428 laudantibus
1497 2361 1568 2430 hue

340 2468 453 2557 ipsum
478 2473 511 2535 et
539 2467 816 2536 consedentibus
848 2469 957 2556 Hujus
982 2469 1030 2536 rei
1057 2473 1161 2536 testes
1190 2463 1459 2554 sunt-Rigaldus
1480 2468 1567 2536 Atos

340 2578 534 2655 canonieus,
552 2576 592 2651 Ρ.Ι
609 2575 771 2656 GarimeS,
789 2574 985 2656 balduinus
1004 2575 1041 2641 R.
1064 2575 1226 2663 Aldegarz
1247 2575 1424 2663 presbiter,
1451 2574 1568 2641 Galte·

340 2681 411 2746 rius
426 2680 543 2748 laicus.
566 2680 780 2749 Medietatem
794 2701 875 2749 vero
890 2681 1027 2749 villanie
1047 2681 1186 2769 predicti
1200 2681 1309 2769 eampi
1334 2679 1427 2749 dedit
1442 2682 1509 2748 Dee
1530 2688 1568 2748 et

339 2784 435 2854 beate
465 2787 566 2855 Maria
593 2788 904 2876 PiperaeiPouaius
928 2788 1234 2869 bamberiensis
1261 2807 1361 2877 quem
1390 2786 1565 2877 prediatus

341 2892 445 2961 abbas
464 2895 694 2978 renumeravit
713 2894 755 2963 de
773 2895 861 2962 XIIX
876 2894 1004 2963 solidis.

871 3351 1014 3421 XLVIII.

384 3609 553 3677 terdenus
570 3610 612 3677 de
627 3609 775 3678 Laroeba
785 3610 992 3679 canonichus
1008 3611 1238 3701 Piperacensis
1252 3630 1313 3699 pre
1328 3609 1565 3698 redemptione
1658 3639 1661 3644 ·

341 3717 454 3782 anime
473 3735 534 3784 sue
554 3714 692 3784 donavit
710 3717 779 3784 Dee
790 3720 824 3784 et
837 3716 933 3784 beate
948 3716 1050 3784 Marie
1064 3716 1455 3805 Piperaeeusivillauiam
1468 3715 1565 3783 illius

340 3820 480 3888 clausuli
496 3821 586 3909 quod
605 3820 726 3889 dieitur
745 3841 820 3890 esse
835 3828 912 3911 post
926 3827 1067 3891 turrem.
1094 3824 1176 3891 Item
1192 3823 1228 3890 B.
1259 3821 1455 3889 Rusehairol
1470 3822 1564 3909 pesi-

340 3932 395 3994 tus
423 3927 459 3993 in
479 3928 645 3995 extremis
658 3927 750 3996 dedit
763 3930 831 3996 Deo
855 3934 889 3996 et
907 3930 1047 3998 ecelesia
1063 3929 1273 4018 Piparaceusi
1297 3928 1456 4017 quiequid
1472 3928 1563 4016 juris

340 4032 485 4102 babebat
499 4034 534 4100 in
546 4034 739 4122 supradicta
758 4035 983 4125 alansntopro
1001 4036 1316 4104 susanniversarie
1338 4035 1422 4103 Item
1441 4035 1564 4101 limal-

341 4139 406 4208 dus
422 4140 464 4207 de
478 4140 604 4208 Vilaret
616 4199 618 4205 .
629 4141 804 4228 professus
823 4143 1031 4231 Piperaeensi
1058 4143 1198 4211 ecclesie
1219 4141 1312 4211 dedit
1330 4142 1432 4238 ptiam
1449 4140 1561 4209 eidem

342 4246 481 4318 ecclesie
495 4267 572 4314 cum
597 4269 741 4316 assensu
766 4253 799 4318 at
813 4270 984 4318 consensu
1003 4248 1129 4316 Artaldi
1162 4247 1205 4318 de
1225 4249 1380 4316 Tauliaeu
1402 4253 1562 4338 quartum

342 4352 432 4442 qued
458 4354 531 4441 ipse
555 4354 700 4423 habebat
718 4356 752 4422 in
773 4355 965 4444 supradicte
994 4357 1147 4424 clausule
1181 4359 1213 4422 et
1237 4353 1396 4445 quiequid
1415 4353 1563 4422 babebat

341 4461 376 4524 in
391 4459 455 4526 bac
468 4461 590 4549 riparia
605 4463 660 4531 vel
688 4464 867 4531 territerio,
885 4464 956 4531 Heu
974 4467 1089 4532 autem
1107 4463 1244 4560 fautum·
1259 4463 1324 4530 fuit
1349 4463 1385 4528 in
1414 4463 1560 4530 elaustro

342 4566 552 4665 Piperaeensi
569 4574 647 4638 ante
671 4570 853 4664 capitulum
877 4591 988 4640 aeram
1019 4572 1056 4639 II.
1084 4571 1215 4648 abbate.
1247 4569 1355 4660 Hujus
1383 4569 1430 4642 rei
1457 4571 1561 4638 testes
