3442 5642
837 573 1016 618 TERRARIUM
1040 573 1243 619 PlPEIlACENSll
1340 613 1344 620 .

924 1111 1022 1182 XLII.

413 1321 538 1390 Notum
559 1323 602 1389 sit
629 1321 789 1389 omnibus
817 1325 886 1388 tam
918 1319 1132 1409 presentibus
1158 1338 1261 1408 quam
1282 1321 1405 1388 futuris
1433 1320 1535 1408 quod
1569 1320 1608 1387 P.
1694 1307 1695 1378 ζ

369 1427 512 1510 Beraldi,
529 1448 645 1496 amore
663 1429 722 1495 Dei
757 1419 967 1514 suorumque
992 1426 1193 1494 remissione
1226 1431 1440 1516 peccatorum
1469 1427 1610 1495 domos
1694 1409 1695 1418 ἵ

369 1535 455 1602 infra
487 1536 752 1604 murosBrivate
779 1535 905 1623 positas
941 1555 1027 1624 quas
1058 1534 1116 1602 diu
1140 1534 1335 1628 canonichis
1360 1537 1608 1625 Piperacensis

370 1643 511 1710 ecclesie
526 1643 688 1731 injuriose
701 1643 887 1711 abstulerat
902 1647 935 1710 et
949 1663 1066 1710 earum
1087 1643 1262 1712 occasione
1289 1644 1329 1711 ab
1349 1645 1514 1733 episcopo
1534 1664 1606 1712 suo
1694 1641 1695 1644 ’

368 1749 562 1837 prohibitus·
588 1755 658 1818 erat
684 1752 719 1817 in
748 1751 922 1839 presencia
952 1750 1065 1819 Poncii
1097 1749 1226 1818 abbatis
1262 1749 1412 1839 predicte
1448 1733 1605 1819 ecclesie

272 1873 273 1876 ’
368 1859 398 1922 ei
414 1858 664 1924 successoribus
688 1861 810 1946 sponte
830 1857 975 1944 reliquit,
1001 1861 1035 1924 et
1056 1859 1310 1945 recuperatione
1336 1857 1604 1924 christianitatis

369 1982 429 2030 sue
453 1985 488 2058 sc
517 1966 631 2052 ipsum
658 1986 719 2054 pro
740 1985 881 2033 suorum
913 1964 1107 2033 vadimonio
1136 1965 1338 2032 delictorum
1366 1968 1399 2032 et
1418 1963 1604 2032 decimum

366 2071 616 2139 Buesoiolensis
636 2071 714 2139 ville
737 2069 1038 2160 vadimoniumquc
1070 2070 1162 2158 qarod
1180 2071 1325 2139 babebat
1349 2071 1391 2138 de
1423 2071 1601 2139 Dalmatio
1694 2129 1695 2132 ,

367 2178 558 2266 Mallagerio
579 2182 717 2267 propter
746 2178 829 2250 CCC.
851 2178 887 2246 L.
908 2177 1035 2246 solidos
1059 2177 1094 2244 in
1119 2177 1197 2245 villa
1222 2198 1290 2266 que
1315 2176 1436 2246 dieitur
1461 2177 1602 2246 Jaraiac
1694 2241 1695 2246 ,

367 2285 422 2352 etl
438 2264 596 2372 campum
612 2285 669 2374 qui
683 2289 734 2352 est
750 2285 871 2352 subtus
888 2284 1061 2351 ecclesiam
1075 2285 1298 2351 doratensem
1311 2283 1461 2374 predicto
1477 2285 1600 2352 abbati
1694 2291 1695 2296 ’

367 2389 409 2458 P.
440 2390 578 2478 suisque
609 2390 805 2459 canonichis
829 2412 899 2480 pro
932 2392 1076 2480 regulari
1107 2412 1232 2459 canoro
1266 2391 1390 2459 tribuit.
1432 2393 1599 2460 'lestibus

366 2495 438 2585 istis
455 2500 622 2586 Seguinus
649 2499 740 2586 prior
755 2503 788 2566 et
803 2498 972 2566 llbrardus
992 2503 1025 2566 ct
1043 2499 1281 2566 Gaucerandus
1308 2504 1341 2565 et
1369 2497 1407 2568 V.
1436 2499 1595 2584 Richarz·

918 2841 1028 2908 xiiii.

409 3048 518 3125 Quum
533 3044 646 3116 divine
660 3047 891 3135 inspirationis
906 3047 1011 3135 gratia
1031 3051 1063 3114 et
1081 3047 1212 3133 pietatis
1232 3048 1314 3114 ratic
1330 3046 1419 3115 filios
1448 3045 1594 3116 ecclesie

365 3161 482 3222 monet
511 3176 645 3223 summa
673 3155 861 3223 intentione
893 3153 992 3220 saluti
1012 3153 1204 3220 animarum
1224 3174 1262 3221 ac
1281 3154 1424 3223 libertati
1449 3155 1595 3222 catolice
1694 3159 1695 3162 ’

230 3289 258 3328 .·
364 3265 481 3328 matris
506 3261 683 3350 providere
706 3260 783 3328 ideo
806 3259 896 3326 bona
929 3258 1101 3326 intellectu
1134 3266 1167 3326 et
1205 3280 1289 3347 puro
1308 3261 1344 3328 in
1363 3261 1421 3328 Dei
1446 3262 1593 3328 nomine

364 3369 538 3458 ipsiusque
554 3369 684 3436 honore
707 3387 769 3455 ego
801 3365 970 3432 Deodatus
995 3367 1156 3454 Destang,
1183 3387 1244 3454 pro
1274 3367 1382 3435 salute
1407 3371 1592 3456 parentum

364 3482 398 3544 et
422 3477 533 3544 anime
553 3495 629 3543 mee
648 3475 751 3552 donc,
779 3471 927 3540 concedo
948 3479 980 3538 et
1012 3471 1114 3540 laudo
1151 3473 1220 3540 Deo
1244 3474 1397 3558 etbeate
1412 3475 1526 3566 'Maria
1555 3479 1592 3542 at

364 3581 560 3648 canonichis
576 3578 853 3668 Piperacensibus
868 3578 997 3644 cunctis
1014 3582 1081 3645 tam
1101 3578 1224 3646 futuris
1240 3601 1340 3668 quam
1367 3581 1589 3668 presentibus

265 3679 268 3684 ’
364 3688 470 3754 libero
485 3686 598 3755 alodio
617 3688 653 3753 in
678 3679 880 3774 perpetuum
903 3683 1148 3772 possidendum
1172 3685 1300 3776 absque
1315 3688 1487 3755 calumnia
1512 3688 1589 3755 sine

365 3797 458 3861 omni
472 3794 660 3861 retentione
679 3794 794 3860 locum
808 3796 896 3860 terre
914 3792 1001 3860 infra
1034 3793 1198 3861 terminos
1222 3796 1446 3862 constitutum
1464 3799 1499 3861 in
1517 3815 1587 3883 quo

362 3899 504 3990 predicti
525 3900 702 3968 canonicbi
718 3899 875 3968 edificent
899 3903 932 3967 et
956 3899 1106 3968 habitare
1125 3900 1258 3988 possint
1271 3906 1304 3982 et
1328 3906 1444 3990 aptare
1467 3921 1589 3970 neces-

363 4009 450 4077 saria
470 4009 568 4096 juxta
582 4008 756 4076 ecclesiam
772 4006 861 4074 beati
888 4006 975 4074 Petri
991 4008 1136 4095 apostoli
1156 4013 1188 4075 et
1210 4007 1320 4076 Sancti
1347 4007 1515 4078 Vincentii
1542 4009 1587 4077 de

362 4116 454 4183 Altu.
472 4114 581 4203 Hujus
596 4114 789 4182 donationis
812 4114 992 4180 karitatem
1015 4113 1099 4182 facio
1115 4134 1176 4203 pro
1196 4135 1251 4182 me
1271 4119 1305 4182 et
1323 4117 1484 4184 omuibus
1500 4117 1587 4183 mihi

362 4221 610 4312 pertinentibus
625 4225 695 4288 tam
717 4220 795 4287 filiis
811 4240 911 4308 quam
932 4219 1051 4288 ceteris
1069 4219 1173 4308 hujus
1187 4222 1350 4289 muneris.
1373 4222 1489 4290 Testes
1505 4219 1588 4291 sunt

361 4329 531 4398 Deodatus
546 4328 740 4417 capellanus
755 4330 788 4395 et
801 4327 838 4395 Β.
852 4315 896 4396 de
909 4328 1034 4415 Campo
1050 4327 1197 4395 Aimario
1212 4329 1269 4418 qui
1289 4330 1354 4397 hoc
1368 4350 1495 4398 munus
1510 4351 1586 4397 sus—

362 4437 449 4526 cepit
463 4441 496 4503 et
510 4435 696 4504 Dalmatius
711 4435 918 4503 chauonicus
929 4438 962 4502 et
973 4433 1083 4501 Guido
1094 4439 1127 4502 et
1139 4435 1173 4502 P.
1185 4437 1321 4524 Ugbcrti
1330 4435 1583 4518 etF.Serrailla,

362 4545 398 4613 B.
420 4543 526 4612 dallas
550 4541 667 4625 Salias,
688 4543 744 4610 W.
762 4541 804 4611 de
821 4543 939 4623 Moret,
956 4542 992 4609 B.
1015 4540 1149 4623 Bonab,
1168 4543 1200 4610 S.
1222 4541 1328 4610 dellas
1343 4544 1483 4614 Olciras.
1512 4543 1584 4614 Hoc

360 4657 470 4724 totum
485 4651 651 4720 concessit
670 4649 808 4720 domina
826 4650 916 4720 dalis
931 4671 1016 4720 uxor
1033 4647 1172 4718 Deodati
1192 4648 1234 4748 da
1253 4649 1389 4740 Stagno.
