3442 5642
544 585 725 630 TERRARIUM
747 587 950 632 PIPERACENSE

133 679 499 695 m*

667 1230 805 1299 1111111.
875 1257 877 1262 ·

550 1432 694 1519 (Dorion)
711 1453 755 1498 na
770 1431 947 1500 06666616.

182 1676 309 1741 Notum
325 1673 368 1740 sit
395 1672 555 1740 omnihus
572 1674 641 1738 tarn
666 1671 790 1738 futuris
807 1643 910 1758 quarn
930 1673 1145 1760 presentibus
1165 1672 1258 1760 quod
1286 1675 1360 1742 Ste-

133 1781 273 1869 phanus
303 1779 435 1859 Calvus,
468 1777 637 1857 sacerdos,
657 1771 699 1844 (16
726 1777 833 1845 661616
857 1798 918 1844 666
943 1778 1108 1846 6611161166
1140 1779 1360 1858 medietatem

132 1886 277 1954 ecclesie
290 1886 405 1953 Sancti
427 1885 514 1953 Petri
537 1883 579 1950 (16
598 1883 755 1952 Chaselas
777 1889 810 1952 et
825 1885 959 1953 vineam
974 1906 1040 1974 que
1055 1881 1178 1954 dicitur
1201 1887 1360 1956 Clausum

132 1995 205 2060 Deo
226 1995 257 2059 et
274 1993 402 2058 Sancta
415 1992 526 2058 Mariae
541 1990 584 2058 (16
595 1991 752 2078 Piperaco
768 1996 801 2058 61
820 1992 946 2058 (166166
963 1992 1060 2059 Petro
1083 1991 1238 2080 ejusdem
1254 1993 1362 2062 eccle-

132 2101 196 2167 siae
221 2098 391 2187 preposito
420 2099 560 2186 suisque
590 2098 845 2169 successorihus
876 2097 918 2165 ad
947 2097 1089 2166 feodum
1117 2103 1150 2165 et
1183 2097 1360 2167 adlodinrn

132 2205 366 2295 perempniter
385 2203 478 2272 dedit
510 2211 542 2272 et
559 2205 736 2271 concessit.
757 2205 826 2281 Qua
841 2204 931 2272 dere
950 2204 984 2270 in
996 2209 1174 2292 posterum
1187 2203 1293 2272 factus
1310 2210 1362 2273 est

133 2301 285 2401 Piperaci
298 2311 491 2379 canonicus.
508 2311 636 2378 Dehinc
652 2311 828 2399 Rotgerius
849 2315 883 2378 et
897 2311 1017 2380 fratres
1028 2311 1101 2400 ejus
1116 2311 1217 2378 aliern
1231 2312 1362 2380 medie.

131 2423 242 2487 tatem
269 2419 417 2486 ecclesiae
457 2419 525 2486 Deo
555 2423 588 2485 61
626 2417 784 2506 predictis
822 2417 981 2486 fratribus
1024 2416 1066 2485 de
1096 2419 1254 2506 Piperaco
1283 2419 1361 2506 jure
1405 2405 1406 2410 ¹

131 2529 301 2614 perpetuo
318 2524 496 2592 dederunt.
517 2525 636 2592 Postea
651 2525 822 2592 Palatinus
837 2525 1099 2615 fraterRotgerii
1115 2525 1255 2613 predicti
1269 2524 1361 2593 dedit
1420 2620 1424 2622 -
1518 2564 1521 2570 »

131 2631 249 2700 eidem
266 2631 404 2700 ecclesie
427 2631 538 2699 Sancti
554 2630 642 2698 Petri
661 2634 694 2698 61
712 2632 884 2699 canonicis
900 2631 1041 2699 terciurn
1065 2631 1165 2699 vinee
1184 2631 1227 2698 de
1253 2631 1359 2700 Ponto

130 2743 171 2806 et
187 2737 287 2807 dehet
308 2737 491 2827 prandium
506 2737 772 2805 triumvirorum
791 2737 833 2804 de
848 2756 936 2825 pane
958 2743 992 2804 61
1016 2738 1097 2805 vino
1119 2741 1152 2805 et
1166 2737 1357 2805 formatico,

131 2847 253 2913 Testes
266 2865 347 2913 vero
361 2845 465 2934 hujus
485 2843 567 2911 doni
600 2848 680 2911 sunt
698 2844 880 2911 Rotbertns
905 2844 1058 2911 Asterius
1077 2847 1110 2911 61
1143 2844 1261 2912 Petrus
1280 2843 1360 2910 1161-
1459 2894 1462 2904 .

130 2951 220 3040 gerii
232 2957 265 3020 61
279 2950 470 3019 Bernardus
485 2951 588 3018 frater
606 2951 680 3039 ejus
696 2954 729 3017 et
740 2951 858 3018 Petrus
874 2950 1020 3017 Viltelrni
1036 2949 1078 3017 de
1088 2951 1120 3016 la
1132 2948 1312 3031 Freideira,
1327 2955 1360 3018 et

99 3047 106 3062 '
132 3057 344 3126 Bertrandus
364 3059 508 3138 Martini,
531 3060 693 3146 regnante
718 3056 848 3144 Philipo
872 3061 904 3125 et
929 3043 1123 3145 presuiante
1150 3057 1312 3124 Duronio.

692 3493 805 3561 XXIV.

526 3777 528 3780 Ι
628 3684 866 3753 Manarnonas.

184 3931 282 3998 Anno
312 3930 352 3997 ab
380 3928 616 3997 incarnacione
646 3927 780 3994 Domini
808 3925 989 3994 millesimo
1021 3923 1059 3990 0⁰
1093 3923 1181 3992 11111ο
1209 3924 1252 3991 X⁰
1280 3925 1362 4013 (stc)

134 4037 294 4105 monachi
332 4037 443 4104 Sancti
481 4033 671 4103 Teautfredi
707 4033 870 4122 injustam
913 4031 1161 4120 querirnoniarn
1209 4031 1364 4100 fecerunt

137 4145 267 4212 domno
286 4143 452 4210 Airnerico
473 4143 632 4230 episcopo
647 4142 879 4209 Arvernorum
893 4144 1011 4208 contra
1025 4138 1202 4208 ecclesiam
1215 4139 1363 4227 Piperaci

138 4249 521 4318 etcontrachanonicos
537 4247 733 4316 deecclesia
752 4248 861 4314 Sancti
888 4247 999 4314 Boniti
1023 4245 1065 4314 de
1091 4245 1302 4314 Medairotas.
1324 4244 1365 4314 Et

138 4355 288 4424 domnus
305 4356 483 4444 episcopus
499 4354 635 4423 laudare
651 4359 683 4422 et
697 4353 840 4422 definire
856 4352 934 4422 fecit
959 4353 1055 4420 illam
1066 4353 1230 4442 injustam
1249 4352 1365 4440 queri·
1408 4377 1409 4380 ¹

138 4462 292 4530 moniam
312 4463 346 4528 16
363 4463 539 4550 presencia
553 4483 626 4542 sua,
644 4462 811 4529 ademaro
840 4461 967 4529 decano
987 4465 1021 4528 61
1033 4461 1074 4528 V.
1093 4460 1135 4528 (16
1152 4461 1300 4529 Ermone
1331 4464 1364 4527 et

142 4573 180 4638 P.
209 4569 305 4637 ,thari
325 4571 451 4637 Arione
476 4574 507 4637 61
532 4570 566 4635 P.
584 4568 758 4636 Folcherio
784 4573 817 4636 et
845 4569 880 4635 B.
906 4567 1186 4656 archipresbitero
1210 4566 1253 4633 de
1285 4567 1364 4634 For-
