3442 5642
326 597 363 661 52
731 611 912 660 rauuamuu
934 609 1136 658 rrranacnusn

325 875 434 944 usque
460 854 503 923 ad
528 851 733 923 dominicam
754 852 1080 936 annunciationem
1108 851 1338 940 promittimus
1361 871 1428 940 quo
1446 851 1548 920 vobis

325 983 387 1050 ego
409 961 559 1051 prefatus
578 959 617 1029 A.
640 965 673 1028 et
695 979 758 1048 ego
781 961 891 1028 Saule
910 979 996 1028 uxor
1015 960 1088 1048 ejus
1104 958 1307 1048 juramentis
1326 960 1549 1047 corporaliter
1592 1017 1599 1028 ,
1716 953 1717 1008 l

323 1070 472 1156 prestitis
490 1066 583 1156 quod
601 1068 637 1135 in
661 1066 809 1156 predicta
827 1071 915 1134 terra
935 1066 1066 1134 nullam
1089 1065 1251 1134 faciamus
1268 1064 1365 1133 vohis
1386 1064 1548 1154 injuriam

324 1173 379 1241 vel
397 1193 592 1262 gravamen.
614 1173 713 1242 Facta
738 1178 818 1241 sunt
832 1173 895 1248 heo
913 1175 948 1240 in
972 1173 1118 1240 claustro
1138 1172 1285 1260 Piparaei
1310 1175 1387 1239 ante
1405 1173 1549 1260 januam

324 1271 477 1365 ecclesie,
495 1299 626 1363 mansa,
638 1280 747 1368 junio.
769 1281 884 1348 Testes
900 1283 980 1346 sunt
994 1277 1085 1347 idam
1104 1279 1161 1366 qui
1182 1299 1296 1368 supra.

786 1805 789 1809 ,
863 1730 993 1831 ων.

368 1978 453 2048 Item
468 1997 530 2066 ego
543 1977 651 2066 (luigo
670 1975 713 2045 da
728 1978 884 2066 Piparam
899 1978 1011 2046 vando
1027 1982 1060 2046 et
1073 1974 1223 2048 concedo
1243 1977 1341 2047 vobis
1356 1979 1414 2046 W⁰
1433 1977 1561 2047 abbati.

325 2091 359 2155 et
381 2086 562 2155 conventui
586 2085 795 2174 PIparaoensi
814 2084 902 2152 duos
925 2085 1060 2152 coctiles
1075 2106 1162 2174 quos
1189 2075 1298 2154 haheo
1324 2085 1414 2174 apud
1430 2085 1549 2154 villam

325 2193 472 2282 Piperaoi
500 2213 576 2261 oum
596 2191 810 2280 pertinenciis
834 2190 905 2259 suis
918 2194 1031 2279 precio
1057 2191 1129 2259 VIII
1148 2180 1310 2260 librarum
1329 2192 1548 2280 podiensium

325 2319 410 2388 quas
428 2300 559 2386 integre
587 2317 607 2364 a
629 2297 724 2365 vohis
749 2297 853 2364 habui
879 2301 912 2366 et
941 2298 1063 2386 recepi,
1090 2318 1130 2366 eo
1150 2303 1246 2386 paeto
1266 2303 1300 2366 et
1317 2303 1435 2367 tenore
1453 2297 1548 2388 quod

325 2425 387 2493 ego
406 2425 549 2493 possum
563 2422 676 2472 emera
700 2402 830 2472 avobis
846 2404 957 2492 precio
977 2402 1168 2492 supradicto
1187 2405 1228 2471 ab
1246 2405 1386 2472 Instanti
1400 2405 1487 2472 festo
1507 2405 1543 2474 S.

323 2510 487 2578 thoanms
503 2509 650 2599 Baptista
666 2530 774 2599 usque
794 2509 837 2576 ad
851 2510 878 2580 V
893 2529 1013 2590 anuos,
1030 2509 1096 2578 hiis
1113 2509 1266 2580 terminis
1282 2510 1440 2578 sciliceta
1458 2510 1547 2578 festo

324 2614 605 2684 Annunciatiouis
627 2613 795 2683 dominice
814 2613 987 2704 usquead
1011 2614 1243 2683 Pentecosten.
1268 2615 1429 2683 Promitte
1448 2615 1547 2683 vohis

325 2726 359 2790 et
383 2725 479 2788 tactis
497 2721 682 2808 evangeliis
707 2719 800 2810 quod
828 2721 864 2788 ln
892 2720 1020 2810 prelata
1041 2725 1130 2788 terra
1153 2720 1286 2788 nullam
1308 2722 1429 2788 faciam
1447 2720 1547 2790 vobis

324 2826 484 2916 lnjuriam
513 2832 547 2896 et
570 2847 765 2915 gravamen.
793 2827 865 2894 Hoc
889 2831 922 2895 et
945 2827 1147 2915 juraveruut
1171 2826 1226 2895 W.
1249 2827 1291 2894 de
1310 2827 1436 2896 Behrac
1462 2828 1546 2918 (sto)

325 2932 427 3000 frater
446 2932 519 3021 ejus
539 2937 572 3000 et
590 2930 782 3000 Bermunda
805 2937 912 2999 mater
936 2951 1055 3000 eorum
1075 2937 1108 3000 et
1128 2930 1277 3000 domnus
1296 2932 1454 3000 Artaldus
1473 2933 1549 3001 lau-

326 3039 417 3107 davit
444 3043 478 3106 et
508 3040 684 3107 concessIt.
719 3039 818 3106 Facta
847 3043 927 3106 suut
951 3039 1014 3105 heo
1041 3039 1076 3106 in
1114 3038 1259 3107 claustro
1292 3039 1439 3127 Piperaoi
1468 3043 1549 3107 anta

326 3145 512 3233 capitulum
531 3146 567 3212 in
586 3145 690 3212 natali
707 3150 902 3212 sanctorum
921 3145 1068 3212 Garvasii
1083 3149 1116 3213 et
1132 3146 1284 3224 Protesi,
1303 3164 1393 3212 anno
1412 3147 1549 3213 Domini

248 3291 251 3296 -
326 3251 372 3316 Μο
388 3251 450 3318 Ctl⁰
465 3251 569 3318 llllll⁰
586 3251 641 3318 Ψ.
668 3251 778 3340 Hujus
802 3251 849 3319 rei
864 3255 974 3323 testes
990 3258 1069 3319 sunt
1092 3249 1184 3320 idam
1207 3251 1265 3338 qui
1283 3249 1397 3340 supra.

886 3695 982 3768 LXV.

368 3949 452 4021 Item
472 3971 534 4042 ego
548 3953 725 4043 Astorgius
739 3946 841 4021 Balda
855 3945 966 4022 vendo
980 3954 1013 4020 et
1032 3947 1181 4050 concedo
1206 3943 1370 4020 vohisW⁰
1383 3945 1495 4016 abbati
1513 3951 1548 4016 et

324 4061 507 4132 conventui
532 4061 743 4149 Piperacansi
769 4061 783 4127 l
811 4060 959 4128 eminam
987 4077 1110 4140 anona,
1137 4056 1181 4123 VI
1201 4057 1264 4126 sol.
1286 4059 1320 4124 et
1347 4056 1361 4122 l
1385 4054 1548 4143 gallinam

324 4186 390 4256 qua
403 4164 511 4234 haheo
524 4167 561 4235 in
575 4167 683 4236 cortili
700 4166 741 4234 de
758 4167 789 4234 la
808 4165 977 4234 Freideira
991 4163 1180 4245 censuales,
1198 4161 1311 4252 pre'oio
1325 4161 1369 4230 VI
1383 4160 1548 4229 librarum

323 4272 540 4362 podiensium
563 4294 647 4362 quas
669 4271 802 4342 avobis
820 4271 922 4339 habui
953 4275 985 4340 at
1010 4271 1122 4359 reoapi
1150 4269 1208 4336 tali
1237 4273 1336 4358 pacto
1363 4266 1455 4358 quod
1483 4286 1548 4355 ego

323 4400 465 4468 possum
491 4399 604 4448 emere
623 4378 753 4448 avobis
776 4379 887 4467 proclo
911 4380 1100 4446 memorato
1124 4376 1165 4443 ab
1189 4375 1329 4444 instanti
1349 4375 1435 4444 fasto
1456 4373 1547 4442 beati

322 4487 487 4554 thoanuis
514 4487 661 4575 Baptista
687 4506 795 4574 usque
826 4485 870 4553 ad
899 4489 967 4553 tres
994 4489 1114 4564 annos,
1148 4482 1215 4552 hiis
1242 4482 1397 4550 termims
1422 4480 1583 4549 soilicat‘
1716 4557 1717 4564 ἵ

323 4592 365 4662 ah
388 4593 659 4662 Annunciatione
680 4591 850 4662 dominica
869 4613 979 4684 usque
1003 4591 1047 4658 ad
1070 4591 1304 4673 Pentaoostan,
1333 4592 1367 4657 et
1385 4590 1548 4677 promitto
