3442 5642
384 556 419 617 18
789 570 970 617 1161666611
993 573 1196 618 6111161161

380 813 584 883 Modoardus
602 820 731 883 161661
752 815 879 882 amicus
894 814 949 882 alii
967 813 1035 882 duo
1054 815 1179 883 milites
1203 815 1329 883 ferales
1350 819 1446 882 eraut
1468 814 1509 882 de
1529 815 1606 903 ipsa

380 922 532 990 ecclesia.
565 921 654 999 Quos
683 921 802 989 videns
831 921 1035 988 1611161166
1064 922 1227 989 Reclnsus
1253 921 1341 988 male
1368 941 1404 988 se
1432 928 1602 1009 16161166,
1667 949 1669 952 ·

380 1031 458 1118 quia
479 1027 578 1095 amici
594 1031 770 1107 66161611,
787 1029 1032 1095 instantissime
1045 1027 1238 1115 increpabat
1263 1034 1295 1096 et
1311 1047 1394 1095 1666
1410 1027 1605 1094 6616111116

380 1136 541 1224 deinceps
571 1135 729 1204 exorabat
754 1137 913 1221 utsupra
936 1139 1158 1219 memoratam
1178 1132 1353 1202 ecclesiam
1373 1133 1602 1222 reliquissent,

380 1243 460 1332 quia
487 1262 548 1331 per
577 1242 654 1309 illos
679 1245 751 1309 erat
779 1241 1000 1308 exterminata
1028 1261 1066 1308 ac
1094 1240 1208 1308 divino
1235 1241 1422 1308 ministerio
1453 1239 1603 1307 viduata.

380 1349 484 1437 Cujus
504 1348 708 1418 exortacioni
727 1347 846 1414 fraires
861 1348 979 1414 Petrus
1000 1346 1156 1415 videlicet
1170 1351 1203 1414 et
1228 1347 1336 1414 Gnido
1359 1345 1627 1414 satisfacientes·

380 1475 454 1522 eam
478 1454 690 1544 reliquerunt
712 1458 746 1522 et
764 1454 800 1520 in
821 1474 927 1521 manu
946 1452 1119 1521 Bertrandi
1144 1452 1278 1521 Reclusi
1307 1457 1422 1525 sancte
1445 1453 1545 1520 Mario
1561 1453 1605 1520 de

380 1562 538 1650 Piperaco
563 1559 741 1630 dederunt.
761 1561 919 1628 Similiter
943 1559 1147 1628 Modoardus
1171 1563 1204 1627 61
1223 1559 1352 1627 amicus
1381 1560 1546 1639 fecerunt,
1570 1565 1607 1626 et

378 1667 444 1735 hoc
471 1667 612 1736 consilio
637 1666 833 1755 Leodegarii
858 1665 1065 1735 Vivariensis
1089 1667 1237 1754 episcopi
1266 1671 1298 1733 61
1331 1666 1418 1734 Petri
1447 1666 1489 1732 16
1515 1666 1605 1752 Fays

380 1775 558 1863 utriusque
573 1774 654 1842 doni
671 1775 887 1842 ecclesiarum
904 1778 1019 1841 testes.
1037 1773 1077 1840 Et
1086 1772 1278 1840 laudatores
1293 1773 1473 1840 extiterunt
1486 1773 1606 1840 Petrus

381 1879 423 1950 de
437 1881 523 1969 Fays
544 1885 576 1948 61
601 1901 688 1950 uxor
703 1901 765 1949 666
786 1884 820 1948 61
841 1878 965 1947 domus
989 1879 1063 1968 ejus
1086 1884 1167 1959 tota,
1185 1877 1389 1946 Bertrandns
1404 1877 1446 1946 de
1470 1879 1607 1946 Castro·

380 2008 483 2070 novo,
503 1992 536 2055 61
551 1987 637 2054 Giris
651 1988 753 2055 frater
767 1987 853 2076 ejus,
873 1986 1065 2054 Armandus
1085 1986 1204 2074 Guig0,
1228 1985 1266 2052 G.
1284 1985 1326 2053 de
1346 1985 1510 2082 Forcadas
1525 2007 1605 2053 cum

381 2095 461 2163 filiis
490 2095 573 2176 suis,
600 2093 828 2163 (1616116616
856 2093 1059 2173 (1661611166,
1092 2091 1320 2166 6111161166
1350 2097 1382 2158 61
1412 2090 1531 2171 Guido,
1572 2098 1607 2158 61

339 2223 343 2232 ·
381 2201 560 2271 Villelmus
576 2201 664 2270 Petri
687 2204 720 2268 61
740 2199 837 2266 multi
856 2200 923 2267 alii.

950 2558 1032 2626 XVI.

730 2813 733 2818 .
783 2747 927 2832 (116166)
940 2747 1060 2812 Sanum
1075 2748 1202 2812 Pouou.
1289 2770 1291 2775 s

427 2951 703 3020 Existimantibus
723 2955 756 3017 61
777 2951 999 3038 cogitantibus
1022 2949 1164 3017 Geraldo
1187 2948 1331 3016 d’Ussell
1358 2955 1391 3015 61
1417 2947 1604 3016 61616611

382 3057 424 3123 16
447 3059 701 3147 recuperatione
717 3058 842 3126 amoris
859 3057 980 3126 Christi
995 3063 1028 3126 61
1050 3056 1091 3122 16
1111 3056 1219 3124 661616
1249 3057 1439 3123 animarum
1460 3076 1601 3123 suarum

382 3169 414 3232 61
434 3169 615 3252 parentum
643 3185 785 3232 suorum
813 3163 981 3231 dederunt
1001 3163 1235 3231 1666116616
1256 3163 1355 3230 Maria
1383 3161 1424 3229 de
1445 3163 1604 3251 Piperaco

381 3270 578 3360 domnoque
597 3272 694 3340 Petro
712 3273 821 3359 primo
835 3270 1006 3359 preposito
1022 3289 1060 3338 66
1073 3271 1146 3338 viro
1158 3270 1410 3357 religiosissimo
1428 3269 1604 3336 ecclesiam

381 3379 492 3447 Sancti
516 3379 630 3446 Poncii
651 3398 712 3467 pro
739 3377 972 3466 redemptione
1002 3377 1192 3444 animarum
1219 3395 1368 3456 suarum,
1401 3376 1550 3443 donante
1570 3382 1604 3443 61

380 3485 587 3555 6666616116
599 3485 742 3555 deraldo
757 3485 916 3574 episcopo
930 3483 1130 3564 Vivariensi,
1148 3482 1352 3550 donantibus
1368 3487 1401 3550 61
1415 3482 1605 3551 66166166-

379 3577 469 3660 11166
489 3592 710 3680 suffraganeis
729 3590 965 3661 611661611166
989 3594 1022 3658 61
1044 3580 1138 3657 omni
1161 3593 1332 3658 conventu
1360 3591 1499 3657 ecclesie
1515 3590 1605 3657 beati

379 3698 559 3768 Vincentii.
577 3700 697 3768 Postea
708 3699 780 3787 jam
798 3697 957 3765 defuncto
974 3695 1165 3786 supradicto
1190 3697 1362 3785 preposito
1378 3702 1411 3763 61
1433 3695 1603 3764 Bernardo

379 3807 536 3896 religioso
564 3807 635 3874 viro
668 3807 703 3873 11
735 3806 867 3874 6116116
889 3804 1065 3873 sublevato
1097 3803 1217 3872 videns
1250 3803 1360 3892 ipsam
1381 3802 1556 3872 ecclesiam
1585 3824 1605 3871 6

379 3914 550 3983 canonicis
576 3914 747 3995 honorari,
774 3916 999 4002 compunctus
1018 3910 1133 3979 divino
1153 3929 1280 3990 amore,
1310 3911 1445 3998 reliquit
1464 3930 1603 3978 omnem

377 4018 544 4089 honorem
564 4020 704 4089 ecclesie
726 4019 853 4088 domno
874 4017 1044 4087 Bernardo
1060 4016 1171 4086 abbati
1194 4016 1498 4106 supradictoquem
1513 4017 1605 4085 mul-

378 4132 431 4194 166
467 4126 539 4195 1166
557 4127 682 4215 injuste
713 4130 879 4194 tenuerat.
907 4125 945 4191 Et
956 4126 1020 4192 hoc
1041 4124 1119 4192 fecit
1141 4121 1327 4191 concedere
1349 4126 1449 4210 atque
1466 4123 1604 4191 firmare

378 4233 538 4301 omnihus
558 4233 636 4301 filiis
652 4234 736 4302 suis.
758 4233 867 4322 Hujus
888 4233 937 4300 rei
956 4235 1060 4300 testes
1075 4230 1201 4298 adsunt
1216 4234 1249 4306 61
1272 4227 1467 4296 1661616166
1487 4229 1604 4297 Villel-

377 4359 456 4407 mus
484 4340 652 4428 Amalrigs
666 4344 711 4407 et
726 4340 786 4406 filii
801 4340 867 4419 sui,
885 4345 918 4408 ei
937 4340 1056 4409 Petrus
1086 4338 1290 4427 RostagnuS,
1309 4340 1342 4404 61
1367 4335 1530 4404 (16161166
1560 4335 1603 4404 16

377 4445 594 4534 Felgairolas,
612 4451 645 4544 61
671 4445 836 4515 (16161166
854 4445 896 4514 16
923 4446 1058 4533 Vernay
1080 4449 1114 4514 61
1140 4443 1332 4532 Stephanus
1355 4442 1517 4510 Armandi
1535 4442 1603 4511 fra-

377 4555 580 4646 terqueejus
594 4555 773 4624 Villelmus
796 4554 947 4626 etmulti
970 4553 1025 4623 alii
1046 4571 1132 4644 quos
1151 4550 1292 4642 longum
1307 4555 1358 4620 661
1382 4570 1597 4623 enumerare.
1634 4599 1635 4602 η
