3442 5642
536 559 717 612 uannunruu
738 560 941 605 arennaonusn
1308 547 1345 606 ‘25

113 822 268 870 suorum
285 808 317 870 et
336 803 399 872 viri
419 805 470 872 sui
490 808 592 894 atque
610 805 761 873 filiorum
776 824 916 872 suorum
930 804 1106 893 tociusque
1128 804 1263 893 generis
1292 803 1345 871 sul

106 908 252 997 justum
270 914 303 977 et
317 911 496 1000 iujustum,
513 913 571 979 tali
592 917 687 1000 pacto
706 912 867 1000 quatinus
885 914 962 1000 post
981 913 1162 982 transitum
1179 931 1282 978 suum
1308 911 1342 978 in
1431 986 1432 989 Ἴ

111 1018 240 1104 regula
254 1018 428 1087 scribatur.
446 1018 555 1107 Hujus
575 1018 655 1086 doni
670 1022 774 1088 testes
793 1018 931 1086 inerunt
946 1009 1124 1088 Villelmus
1144 1020 1341 1108 Piperacen-

112 1123 167 1192 sis
184 1124 267 1196 err.
289 1123 421 1196 Geraldi
437 1130 469 1192 et
484 1124 648 1198 Geraldus
668 1126 905 1198 Tauliacensis.

665 1569 811 1639 XXVIII.

162 1777 234 1864 Ego
250 1779 376 1848 Franco
396 1776 438 1866 de
457 1777 593 1845 Charais
612 1776 703 1845 dono
725 1783 759 1847 et
781 1778 929 1846 concedo
961 1780 1172 1869 PIperacensi
1202 1779 1341 1850 ecclesie

111 1890 150 1952 et
166 1884 363 1952 canonichis
374 1885 410 1952 in
424 1885 555 1952 honore
571 1885 668 1953 beate
683 1886 785 1953 llarie
792 1884 917 1953 ibidem
934 1886 1134 1973 degentibus
1148 1888 1207 1954 Dei
1226 1907 1342 1955 amore

112 1996 151 2058 et
167 2010 246 2058 mea
264 1991 543 2058 canonichatione
555 1994 589 2058 et
604 1991 666 2058 filii
680 1991 747 2058 mei
760 1990 950 2059 VilleImIet
965 1990 1148 2059 sacerdotis
1162 1992 1340 2080 eujusdam

111 2098 262 2166 nomine
282 2097 413 2165 Geraldi
429 2097 589 2186 quicquid
600 2097 687 2185 juris
699 2097 807 2165 habeo
827 2101 863 2164 in
879 2111 959 2182 prot
982 2103 1063 2165 Bczo
1080 2110 1109 2164 ct
1138 2120 1179 2165 en
1195 2102 1342 2166 Choloe-

114 2211 180 2286 tic,
202 2204 353 2271 alodium
368 2209 401 2272 et
419 2203 622 2272 feodatarios
642 2205 768 2272 scilicet
787 2208 962 2272 Gouoeron
978 2208 1030 2286 dcl
1054 2210 1125 2271 Fon
1137 2209 1171 2272 et
1185 2205 1342 2273 Pontium

112 2311 270 2380 Golferii.
295 2311 390 2388 Quod
410 2312 540 2379 donum
565 2311 745 2379 Rothertus
775 2317 808 2379 et
829 2312 865 2378 B.
889 2312 950 2378 filii
983 2311 1124 2400 predicti
1156 2312 1341 2381 Franeonis

106 2420 317 2509 juraverunt
336 2439 439 2507 super
455 2420 540 2486 IIIIor
555 2418 731 2507 evangelia
743 2419 887 2486 firmiter
901 2423 1028 2487 tenere.
1046 2419 1155 2507 Hujus
1170 2419 1219 2485 rei
1235 2423 1339 2487 testes

110 2531 199 2594 sunt
223 2525 279 2593 W.
306 2525 349 2594 de
373 2525 520 2607 Charete,
551 2517 641 2592 Pons
660 2525 809 2604 Golferii‚
836 2525 871 2592 P.
899 2524 1070 2607 Dalmacii‚
1102 2524 1250 2603 domnus
1279 2527 1335 2594 W.

110 2633 233 2715 abbas,
253 2626 347 2716 nelo,
365 2632 635 2722 archipresbiter,
652 2632 691 2699 G.
709 2631 751 2700 de
773 2632 940 2714 laubaco,
957 2632 1014 2700 W.
1032 2631 1227 2702 Bermundi.

663 3058 779 3130 XXIX.

525 3203 669 3335 (Donum)
692 3246 812 3314 Seueri
826 3247 931 3314 lusrr.

158 3473 196 3539 In
212 3472 350 3539 nomine
363 3475 477 3539 sancte
488 3468 1016 3558 etindividuelrinitatiSEgoW.
1033 3470 1075 3537 de
1085 3469 1218 3537 Rafaele
1236 3469 1339 3536 abbas

96 3578 318 3646 'Brivatensis
328 3597 389 3665 pro
404 3577 517 3645 anime
526 3597 603 3644 mee
617 3577 767 3645 remedio
782 3581 815 3645 et
827 3581 1009 3665 parentum
1018 3596 1175 3644 meorum
1188 3575 1336 3644 concedo

106 3687 185 3753 Deo
205 3688 237 3751 et
253 3689 465 3752 sacrosancte
486 3683 624 3751 ecclesie
638 3683 736 3751 beate
759 3684 860 3751 Marie
880 3683 1273 3772 PIperacensiquasdam
1296 3682 1339 3750 de

104 3791 216 3860 rebus
229 3792 316 3859 meis
337 3810 421 3879 quas
439 3791 607 3858 habebam
625 3811 645 3858 a
664 3790 761 3859 heato
785 3791 929 3871 Iuliane,
951 3791 1013 3859 has
1033 3789 1210 3872 videlieet;
1230 3790 1337 3858 ecole-

109 3898 201 3967 siam
219 3897 326 3965 saneti
344 3897 427 3965 lusti
444 3904 477 3966 et
501 3897 622 3966 domos
655 3918 721 3986 que
743 3901 824 3966 sunt
842 3898 952 3986 juxta,
979 3902 1012 3965 et
1033 3901 1226 3984 ceteraque
1250 3896 1338 3963 infra

107 4005 324 4094 parrochiam
341 4003 480 4073 ecelesia
500 4005 606 4082 sancti
625 4006 712 4074 Iusti
726 4005 852 4074 hahere
869 4003 1014 4086 videtur,
1033 4009 1066 4072 et
1084 4005 1119 4071 ln
1132 4003 1256 4071 Hermo
1272 4002 1338 4071 Lu-

108 4108 1337 4201 diacolmansumrumomnIIntengtateetduosboveS,etinVedrinas

108 4219 328 4288 medietatem
339 4217 561 4300 decimarum,
576 4224 610 4288 et
621 4239 736 4308 eaque
748 4219 851 4288 habui
870 4219 913 4287 ab
923 4218 1117 4300 Amblardo,
1134 4219 1217 4286 etin
1231 4217 1338 4284 Iuliae

107 4325 278 4394 dealmam
298 4325 311 4391 l
330 4324 413 4393 cedo
441 4324 580 4399 ecclesio
599 4324 721 4393 Vetula
738 4326 881 4393 Brivate.
903 4324 974 4392 Hoc
994 4328 1105 4393 totum
1128 4323 1220 4414 quod
1236 4343 1338 4411 supra

108 4433 181 4503 dixi
200 4432 284 4501 cedo
300 4437 333 4500 et
351 4433 501 4501 conredo
519 4432 658 4501 ecclesie
675 4433 900 4521 Piperaoensi,
923 4433 1146 4501 salvatamen
1161 4431 1239 4519 jure
1249 4431 1338 4499 beati

104 4539 246 4620 Iuliani,
277 4544 310 4608 et
338 4559 377 4608 oa
398 4544 529 4610 ratione
553 4540 645 4630 quod
667 4539 731 4633 ipsi
757 4540 910 4614 canonici
934 4539 1039 4608 sancti
1058 4538 1142 4608 lusti
1164 4542 1339 4616 annuatim
