<?xml version="1.0" encoding="UTF-8"?>
<!DOCTYPE html PUBLIC "-//W3C//DTD XHTML 1.0 Transitional//EN"
    "http://www.w3.org/TR/xhtml1/DTD/xhtml1-transitional.dtd">
<html xmlns="http://www.w3.org/1999/xhtml" xml:lang="en" lang="en">
 <head>
  <title>
</title>
<meta http-equiv="Content-Type" content="text/html;charset=utf-8" />
  <meta name='ocr-system' content='tesseract 3.04.00' />
  <meta name='ocr-capabilities' content='ocr_page ocr_carea ocr_par ocr_line ocrx_word'/>
</head>
<body>
  <div class='ocr_page' id='page_1' title='image "./cartulariumsive00payrgoog_0086.png"; bbox 0 0 3442 5642; ppageno 0'>
   <div class='ocr_carea' id='block_1_1' title="bbox 381 591 1196 660">
    <p class='ocr_par' dir='ltr' id='par_1_1' title="bbox 381 591 1196 660">
     <span class='ocr_line' id='line_1_1' title="bbox 381 591 1196 660; baseline 0.005 -6"><span class='ocrx_word' id='word_1_1' title='bbox 381 591 422 654; x_wconf 82' lang='grc'><strong>333</strong></span> <span class='ocrx_word' id='word_1_2' title='bbox 791 612 972 658; x_wconf 84' lang='grc'><strong>3333333333</strong></span> <span class='ocrx_word' id='word_1_3' title='bbox 993 607 1196 660; x_wconf 79' lang='grc'><strong>3333333333</strong></span> 
     </span>
    </p>
   </div>
   <div class='ocr_carea' id='block_1_2' title="bbox 384 703 648 716">
    <p class='ocr_par' dir='ltr' id='par_1_2' title="bbox 384 703 648 716">
     <span class='ocr_line' id='line_1_2' title="bbox 384 703 648 716; baseline 0.008 -3"><span class='ocrx_word' id='word_1_4' title='bbox 384 703 648 716; x_wconf 45' lang='grc' dir='ltr'><strong>-ῇ--κ-ι-</strong></span> 
     </span>
    </p>
   </div>
   <div class='ocr_carea' id='block_1_3' title="bbox 381 849 1609 2529">
    <p class='ocr_par' dir='ltr' id='par_1_3' title="bbox 386 849 1609 1238">
     <span class='ocr_line' id='line_1_3' title="bbox 387 849 1607 920; baseline 0.004 -5"><span class='ocrx_word' id='word_1_5' title='bbox 387 849 436 916; x_wconf 89' lang='grc'><strong>333</strong></span> <span class='ocrx_word' id='word_1_6' title='bbox 455 851 521 917; x_wconf 90' lang='lat' dir='ltr'><strong>nisi</strong></span> <span class='ocrx_word' id='word_1_7' title='bbox 549 850 719 918; x_wconf 88' lang='lat' dir='ltr'><strong>voluerint</strong></span> <span class='ocrx_word' id='word_1_8' title='bbox 749 856 782 919; x_wconf 91' lang='lat' dir='ltr'><strong>et</strong></span> <span class='ocrx_word' id='word_1_9' title='bbox 810 853 876 918; x_wconf 92' lang='lat' dir='ltr'><strong>nisi</strong></span> <span class='ocrx_word' id='word_1_10' title='bbox 909 850 1078 920; x_wconf 91' lang='lat' dir='ltr'><strong>nubentes</strong></span> <span class='ocrx_word' id='word_1_11' title='bbox 1106 851 1365 920; x_wconf 81' lang='lat' dir='ltr'><strong>contradicennt</strong></span> <span class='ocrx_word' id='word_1_12' title='bbox 1396 851 1476 920; x_wconf 88' lang='lat' dir='ltr'><strong>dare</strong></span> <span class='ocrx_word' id='word_1_13' title='bbox 1514 851 1607 920; x_wconf 92' lang='lat' dir='ltr'><strong>dioto</strong></span> 
     </span>
     <span class='ocr_line' id='line_1_4' title="bbox 388 956 1608 1047; baseline 0.002 -25"><span class='ocrx_word' id='word_1_14' title='bbox 388 963 505 1022; x_wconf 85' lang='grc'><strong>3333333</strong></span> <span class='ocrx_word' id='word_1_15' title='bbox 524 956 647 1024; x_wconf 86' lang='lat' dir='ltr'><strong>cibaria</strong></span> <span class='ocrx_word' id='word_1_16' title='bbox 666 957 827 1046; x_wconf 87' lang='lat' dir='ltr'><strong>predicta.</strong></span> <span class='ocrx_word' id='word_1_17' title='bbox 849 959 887 1024; x_wconf 94' lang='lat' dir='ltr'><strong>In</strong></span> <span class='ocrx_word' id='word_1_18' title='bbox 910 979 979 1047; x_wconf 87' lang='lat' dir='ltr'><strong>qno</strong></span> <span class='ocrx_word' id='word_1_19' title='bbox 999 979 1079 1027; x_wconf 81' lang='lat' dir='ltr'><strong>casu</strong></span> <span class='ocrx_word' id='word_1_20' title='bbox 1101 959 1298 1026; x_wconf 82' lang='lat' dir='ltr'><strong>noluerunt.</strong></span> <span class='ocrx_word' id='word_1_21' title='bbox 1314 1011 1342 1024; x_wconf 91' lang='lat'><strong>..</strong></span> <span class='ocrx_word' id='word_1_22' title='bbox 1372 959 1475 1047; x_wconf 82' lang='lat' dir='ltr'><strong>quod·</strong></span> <span class='ocrx_word' id='word_1_23' title='bbox 1493 957 1608 1026; x_wconf 89' lang='lat' dir='ltr'><strong>dictus</strong></span> 
     </span>
     <span class='ocr_line' id='line_1_5' title="bbox 388 1060 1609 1152; baseline 0.005 -26"><span class='ocrx_word' id='word_1_24' title='bbox 388 1060 550 1129; x_wconf 91' lang='lat' dir='ltr'><strong>dominus</strong></span> <span class='ocrx_word' id='word_1_25' title='bbox 568 1063 662 1151; x_wconf 92' lang='lat' dir='ltr'><strong>prior</strong></span> <span class='ocrx_word' id='word_1_26' title='bbox 688 1069 721 1130; x_wconf 91' lang='lat' dir='ltr'><strong>et</strong></span> <span class='ocrx_word' id='word_1_27' title='bbox 740 1067 792 1131; x_wconf 88' lang='lat' dir='ltr'><strong>sui</strong></span> <span class='ocrx_word' id='word_1_28' title='bbox 814 1083 1028 1133; x_wconf 75' lang='lat' dir='ltr'><strong>successores</strong></span> <span class='ocrx_word' id='word_1_29' title='bbox 1051 1069 1280 1132; x_wconf 86' lang='lat' dir='ltr'><strong>teneantur...</strong></span> <span class='ocrx_word' id='word_1_30' title='bbox 1311 1064 1433 1132; x_wconf 87' lang='lat' dir='ltr'><strong>cibaria</strong></span> <span class='ocrx_word' id='word_1_31' title='bbox 1456 1065 1609 1152; x_wconf 80' lang='lat' dir='ltr'><strong>predIota</strong></span> 
     </span>
     <span class='ocr_line' id='line_1_6' title="bbox 386 1166 689 1238; baseline 0.013 -4"><span class='ocrx_word' id='word_1_32' title='bbox 386 1166 529 1236; x_wconf 86' lang='lat' dir='ltr'><strong>solvere.</strong></span> <span class='ocrx_word' id='word_1_33' title='bbox 688 1233 689 1238; x_wconf 75' lang='grc'>,</span> 
     </span>
    </p>

    <p class='ocr_par' dir='ltr' id='par_1_4' title="bbox 383 1272 1608 1997">
     <span class='ocr_line' id='line_1_7' title="bbox 428 1272 1607 1364; baseline 0.003 -26"><span class='ocrx_word' id='word_1_34' title='bbox 428 1272 470 1340; x_wconf 87' lang='lat' dir='ltr'>X</span> <span class='ocrx_word' id='word_1_35' title='bbox 494 1273 521 1340; x_wconf 90' lang='lat' dir='ltr'><strong>It</strong></span> <span class='ocrx_word' id='word_1_36' title='bbox 510 1277 579 1341; x_wconf 90' lang='lat' dir='ltr'><strong>tem</strong></span> <span class='ocrx_word' id='word_1_37' title='bbox 598 1293 738 1363; x_wconf 89' lang='lat' dir='ltr'><strong>super</strong></span> <span class='ocrx_word' id='word_1_38' title='bbox 717 1274 894 1343; x_wconf 89' lang='lat' dir='ltr'><strong>libratione</strong></span> <span class='ocrx_word' id='word_1_39' title='bbox 908 1273 1088 1343; x_wconf 76' lang='lat' dir='ltr'><strong>mittenda.</strong></span> <span class='ocrx_word' id='word_1_40' title='bbox 1103 1326 1110 1342; x_wconf 93' lang='lat'><strong>.</strong></span> <span class='ocrx_word' id='word_1_41' title='bbox 1125 1327 1131 1340; x_wconf 92' lang='lat'><strong>.</strong></span> <span class='ocrx_word' id='word_1_42' title='bbox 1152 1276 1217 1364; x_wconf 90' lang='lat' dir='ltr'><strong>ipsi</strong></span> <span class='ocrx_word' id='word_1_43' title='bbox 1231 1281 1346 1344; x_wconf 87' lang='lat' dir='ltr'><strong>curato</strong></span> <span class='ocrx_word' id='word_1_44' title='bbox 1358 1278 1400 1344; x_wconf 88' lang='lat' dir='ltr'><strong>ad</strong></span> <span class='ocrx_word' id='word_1_45' title='bbox 1415 1275 1607 1364; x_wconf 85' lang='lat' dir='ltr'><strong>hospicium</strong></span> 
     </span>
     <span class='ocr_line' id='line_1_8' title="bbox 384 1378 1608 1470; baseline 0.004 -26"><span class='ocrx_word' id='word_1_46' title='bbox 384 1378 491 1465; x_wconf 87' lang='lat' dir='ltr'><strong>ipsius</strong></span> <span class='ocrx_word' id='word_1_47' title='bbox 516 1379 637 1446; x_wconf 86' lang='lat' dir='ltr'><strong>curati.</strong></span> <span class='ocrx_word' id='word_1_48' title='bbox 652 1378 908 1448; x_wconf 35' lang='grc'><strong>3333333333.</strong></span> <span class='ocrx_word' id='word_1_49' title='bbox 925 1380 1049 1470; x_wconf 78' lang='lat' dir='ltr'><strong>‚quod</strong></span> <span class='ocrx_word' id='word_1_50' title='bbox 1075 1380 1243 1469; x_wconf 89' lang='lat' dir='ltr'><strong>predictus</strong></span> <span class='ocrx_word' id='word_1_51' title='bbox 1268 1381 1427 1448; x_wconf 89' lang='lat' dir='ltr'><strong>dominus</strong></span> <span class='ocrx_word' id='word_1_52' title='bbox 1457 1381 1548 1469; x_wconf 91' lang='lat' dir='ltr'><strong>prior</strong></span> <span class='ocrx_word' id='word_1_53' title='bbox 1572 1386 1608 1449; x_wconf 87' lang='grc'><strong>33</strong></span> 
     </span>
     <span class='ocr_line' id='line_1_9' title="bbox 385 1484 1608 1575; baseline 0.004 -26"><span class='ocrx_word' id='word_1_54' title='bbox 385 1484 436 1550; x_wconf 86' lang='grc'><strong>333</strong></span> <span class='ocrx_word' id='word_1_55' title='bbox 462 1504 674 1552; x_wconf 79' lang='lat' dir='ltr'><strong>successores</strong></span> <span class='ocrx_word' id='word_1_56' title='bbox 699 1491 938 1553; x_wconf 88' lang='grc'><strong>33..3333333.</strong></span> <span class='ocrx_word' id='word_1_57' title='bbox 967 1486 1031 1575; x_wconf 90' lang='lat' dir='ltr'><strong>ipsi</strong></span> <span class='ocrx_word' id='word_1_58' title='bbox 1055 1492 1170 1554; x_wconf 86' lang='lat' dir='ltr'><strong>curato</strong></span> <span class='ocrx_word' id='word_1_59' title='bbox 1195 1491 1228 1553; x_wconf 90' lang='grc'><strong>33</strong></span> <span class='ocrx_word' id='word_1_60' title='bbox 1256 1487 1325 1554; x_wconf 89' lang='grc'><strong>3333</strong></span> <span class='ocrx_word' id='word_1_61' title='bbox 1352 1486 1608 1570; x_wconf 83' lang='grc'><strong>3333333333333</strong></span> 
     </span>
     <span class='ocr_line' id='line_1_10' title="bbox 383 1591 1606 1680; baseline 0.006 -26"><span class='ocrx_word' id='word_1_62' title='bbox 383 1591 532 1658; x_wconf 88' lang='grc'><strong>33333333.</strong></span> <span class='ocrx_word' id='word_1_63' title='bbox 548 1640 576 1656; x_wconf 93' lang='grc'><strong>..</strong></span> <span class='ocrx_word' id='word_1_64' title='bbox 604 1591 631 1658; x_wconf 88' lang='lat' dir='ltr'><strong>si</strong></span> <span class='ocrx_word' id='word_1_65' title='bbox 645 1592 818 1679; x_wconf 81' lang='lat' dir='ltr'><strong>petierint,</strong></span> <span class='ocrx_word' id='word_1_66' title='bbox 833 1592 888 1660; x_wconf 89' lang='grc'><strong>333</strong></span> <span class='ocrx_word' id='word_1_67' title='bbox 903 1593 998 1660; x_wconf 89' lang='grc'><strong>333333</strong></span> <span class='ocrx_word' id='word_1_68' title='bbox 1016 1612 1077 1680; x_wconf 85' lang='lat' dir='ltr'><strong>pro</strong></span> <span class='ocrx_word' id='word_1_69' title='bbox 1097 1593 1179 1680; x_wconf 90' lang='lat' dir='ltr'><strong>ipsis</strong></span> <span class='ocrx_word' id='word_1_70' title='bbox 1198 1594 1322 1660; x_wconf 84' lang='lat' dir='ltr'><strong>curatis</strong></span> <span class='ocrx_word' id='word_1_71' title='bbox 1337 1591 1458 1660; x_wconf 89' lang='lat' dir='ltr'><strong>libram</strong></span> <span class='ocrx_word' id='word_1_72' title='bbox 1476 1593 1606 1662; x_wconf 87' lang='grc'><strong>333333-</strong></span> 
     </span>
     <span class='ocr_line' id='line_1_11' title="bbox 385 1695 1607 1788; baseline 0.005 -27"><span class='ocrx_word' id='word_1_73' title='bbox 385 1695 484 1763; x_wconf 86' lang='lat' dir='ltr'><strong>lium.</strong></span> <span class='ocrx_word' id='word_1_74' title='bbox 501 1747 529 1762; x_wconf 91' lang='lat'><strong>..</strong></span> <span class='ocrx_word' id='word_1_75' title='bbox 556 1696 598 1763; x_wconf 84' lang='lat' dir='ltr'><strong>ad</strong></span> <span class='ocrx_word' id='word_1_76' title='bbox 616 1695 757 1764; x_wconf 90' lang='lat' dir='ltr'><strong>domum</strong></span> <span class='ocrx_word' id='word_1_77' title='bbox 773 1718 868 1765; x_wconf 88' lang='lat' dir='ltr'><strong>suam</strong></span> <span class='ocrx_word' id='word_1_78' title='bbox 893 1698 1000 1786; x_wconf 91' lang='lat' dir='ltr'><strong>ipsius</strong></span> <span class='ocrx_word' id='word_1_79' title='bbox 1015 1702 1131 1779; x_wconf 90' lang='lat' dir='ltr'><strong>curati,</strong></span> <span class='ocrx_word' id='word_1_80' title='bbox 1151 1703 1388 1788; x_wconf 89' lang='lat' dir='ltr'><strong>temporeque</strong></span> <span class='ocrx_word' id='word_1_81' title='bbox 1409 1700 1607 1767; x_wconf 87' lang='lat' dir='ltr'><strong>infirmitate</strong></span> 
     </span>
     <span class='ocr_line' id='line_1_12' title="bbox 383 1791 1608 1893; baseline 0.002 -24"><span class='ocrx_word' id='word_1_82' title='bbox 383 1802 438 1870; x_wconf 90' lang='grc'><strong>333</strong></span> <span class='ocrx_word' id='word_1_83' title='bbox 457 1801 558 1881; x_wconf 82' lang='lat' dir='ltr'><strong>officii</strong></span> <span class='ocrx_word' id='word_1_84' title='bbox 574 1803 626 1870; x_wconf 89' lang='lat' dir='ltr'><strong>sui</strong></span> <span class='ocrx_word' id='word_1_85' title='bbox 641 1791 861 1892; x_wconf 74' lang='lat' dir='ltr'><strong>occupatione</strong></span> <span class='ocrx_word' id='word_1_86' title='bbox 878 1824 948 1872; x_wconf 93' lang='lat' dir='ltr'><strong>non</strong></span> <span class='ocrx_word' id='word_1_87' title='bbox 967 1805 1090 1893; x_wconf 90' lang='lat' dir='ltr'><strong>poterit</strong></span> <span class='ocrx_word' id='word_1_88' title='bbox 1109 1805 1218 1874; x_wconf 86' lang='lat' dir='ltr'><strong>dictus</strong></span> <span class='ocrx_word' id='word_1_89' title='bbox 1233 1812 1370 1874; x_wconf 87' lang='lat' dir='ltr'><strong>curatus</strong></span> <span class='ocrx_word' id='word_1_90' title='bbox 1388 1806 1422 1872; x_wconf 92' lang='lat' dir='ltr'><strong>in</strong></span> <span class='ocrx_word' id='word_1_91' title='bbox 1438 1810 1535 1875; x_wconf 83' lang='grc'><strong>33333</strong></span> <span class='ocrx_word' id='word_1_92' title='bbox 1550 1807 1608 1874; x_wconf 91' lang='grc'><strong>333</strong></span> 
     </span>
     <span class='ocr_line' id='line_1_13' title="bbox 384 1908 1090 1997; baseline 0.004 -22"><span class='ocrx_word' id='word_1_93' title='bbox 384 1909 526 1997; x_wconf 85' lang='lat' dir='ltr'><strong>prandio</strong></span> <span class='ocrx_word' id='word_1_94' title='bbox 545 1930 623 1976; x_wconf 89' lang='lat' dir='ltr'><strong>cum</strong></span> <span class='ocrx_word' id='word_1_95' title='bbox 639 1908 711 1977; x_wconf 90' lang='lat' dir='ltr'><strong>aliis</strong></span> <span class='ocrx_word' id='word_1_96' title='bbox 726 1911 895 1978; x_wconf 84' lang='lat' dir='ltr'><strong>canonicis</strong></span> <span class='ocrx_word' id='word_1_97' title='bbox 914 1910 1090 1980; x_wconf 87' lang='lat' dir='ltr'><strong>interesse.</strong></span> 
     </span>
    </p>

    <p class='ocr_par' dir='ltr' id='par_1_5' title="bbox 381 2014 1607 2425">
     <span class='ocr_line' id='line_1_14' title="bbox 426 2014 1607 2106; baseline 0.007 -26"><span class='ocrx_word' id='word_1_98' title='bbox 426 2016 481 2082; x_wconf 88' lang='lat' dir='ltr'><strong>Ill.</strong></span> <span class='ocrx_word' id='word_1_99' title='bbox 504 2016 587 2083; x_wconf 87' lang='lat' dir='ltr'><strong>Item</strong></span> <span class='ocrx_word' id='word_1_100' title='bbox 606 2014 776 2083; x_wconf 85' lang='lat' dir='ltr'><strong>dixerunt.</strong></span> <span class='ocrx_word' id='word_1_101' title='bbox 792 2067 821 2084; x_wconf 87' lang='lat'><strong>..</strong></span> <span class='ocrx_word' id='word_1_102' title='bbox 842 2017 933 2104; x_wconf 88' lang='lat' dir='ltr'><strong>quod</strong></span> <span class='ocrx_word' id='word_1_103' title='bbox 948 2016 1057 2085; x_wconf 87' lang='lat' dir='ltr'><strong>dictus</strong></span> <span class='ocrx_word' id='word_1_104' title='bbox 1069 2017 1229 2085; x_wconf 90' lang='lat' dir='ltr'><strong>dominus</strong></span> <span class='ocrx_word' id='word_1_105' title='bbox 1244 2019 1336 2106; x_wconf 92' lang='lat' dir='ltr'><strong>prior</strong></span> <span class='ocrx_word' id='word_1_106' title='bbox 1350 2022 1383 2086; x_wconf 89' lang='grc'><strong>33</strong></span> <span class='ocrx_word' id='word_1_107' title='bbox 1398 2020 1451 2086; x_wconf 90' lang='grc'><strong>333</strong></span> <span class='ocrx_word' id='word_1_108' title='bbox 1471 2039 1607 2088; x_wconf 85' lang='grc'><strong>333333-</strong></span> 
     </span>
     <span class='ocr_line' id='line_1_15' title="bbox 383 2121 1606 2212; baseline 0.007 -27"><span class='ocrx_word' id='word_1_109' title='bbox 383 2139 476 2189; x_wconf 87' lang='lat' dir='ltr'><strong>sores</strong></span> <span class='ocrx_word' id='word_1_110' title='bbox 497 2125 679 2204; x_wconf 84' lang='lat' dir='ltr'><strong>teneantur</strong></span> <span class='ocrx_word' id='word_1_111' title='bbox 694 2127 728 2190; x_wconf 89' lang='grc'><strong>33</strong></span> <span class='ocrx_word' id='word_1_112' title='bbox 746 2121 891 2190; x_wconf 88' lang='lat' dir='ltr'><strong>debeant</strong></span> <span class='ocrx_word' id='word_1_113' title='bbox 919 2122 1110 2190; x_wconf 86' lang='lat' dir='ltr'><strong>tradere...</strong></span> <span class='ocrx_word' id='word_1_114' title='bbox 1145 2121 1232 2190; x_wconf 88' lang='lat' dir='ltr'><strong>dioto</strong></span> <span class='ocrx_word' id='word_1_115' title='bbox 1262 2129 1378 2190; x_wconf 87' lang='lat' dir='ltr'><strong>curato</strong></span> <span class='ocrx_word' id='word_1_116' title='bbox 1416 2128 1444 2190; x_wconf 92' lang='lat' dir='ltr'><strong>si</strong></span> <span class='ocrx_word' id='word_1_117' title='bbox 1470 2126 1606 2212; x_wconf 87' lang='lat' dir='ltr'><strong>petierit</strong></span> 
     </span>
     <span class='ocr_line' id='line_1_16' title="bbox 382 2227 1606 2318; baseline 0.005 -26"><span class='ocrx_word' id='word_1_118' title='bbox 382 2227 437 2293; x_wconf 90' lang='grc'><strong>333</strong></span> <span class='ocrx_word' id='word_1_119' title='bbox 461 2227 545 2296; x_wconf 90' lang='grc'><strong>33333</strong></span> <span class='ocrx_word' id='word_1_120' title='bbox 571 2249 632 2316; x_wconf 89' lang='lat' dir='ltr'><strong>pro</strong></span> <span class='ocrx_word' id='word_1_121' title='bbox 661 2230 734 2317; x_wconf 91' lang='lat' dir='ltr'><strong>ipso</strong></span> <span class='ocrx_word' id='word_1_122' title='bbox 765 2229 807 2296; x_wconf 87' lang='lat' dir='ltr'><strong>ud</strong></span> <span class='ocrx_word' id='word_1_123' title='bbox 832 2228 973 2298; x_wconf 83' lang='lat' dir='ltr'><strong>domurn</strong></span> <span class='ocrx_word' id='word_1_124' title='bbox 1003 2229 1110 2318; x_wconf 89' lang='lat' dir='ltr'><strong>ipsius</strong></span> <span class='ocrx_word' id='word_1_125' title='bbox 1134 2230 1238 2298; x_wconf 85' lang='lat' dir='ltr'><strong>curati</strong></span> <span class='ocrx_word' id='word_1_126' title='bbox 1264 2227 1385 2297; x_wconf 90' lang='lat' dir='ltr'><strong>libram</strong></span> <span class='ocrx_word' id='word_1_127' title='bbox 1407 2231 1606 2299; x_wconf 81' lang='lat' dir='ltr'><strong>victualium</strong></span> 
     </span>
     <span class='ocr_line' id='line_1_17' title="bbox 381 2333 1554 2425; baseline 0.003 -26"><span class='ocrx_word' id='word_1_128' title='bbox 381 2333 532 2420; x_wconf 87' lang='lat' dir='ltr'><strong>quolibet</strong></span> <span class='ocrx_word' id='word_1_129' title='bbox 545 2354 635 2402; x_wconf 90' lang='lat' dir='ltr'><strong>anno</strong></span> <span class='ocrx_word' id='word_1_130' title='bbox 650 2355 669 2402; x_wconf 92' lang='grc'><strong>3</strong></span> <span class='ocrx_word' id='word_1_131' title='bbox 685 2335 796 2422; x_wconf 86' lang='lat' dir='ltr'><strong>media</strong></span> <span class='ocrx_word' id='word_1_132' title='bbox 810 2334 1067 2424; x_wconf 81' lang='lat' dir='ltr'><strong>quadragesima</strong></span> <span class='ocrx_word' id='word_1_133' title='bbox 1081 2355 1190 2425; x_wconf 91' lang='lat' dir='ltr'><strong>usque</strong></span> <span class='ocrx_word' id='word_1_134' title='bbox 1204 2334 1247 2403; x_wconf 88' lang='lat' dir='ltr'><strong>ad</strong></span> <span class='ocrx_word' id='word_1_135' title='bbox 1265 2334 1391 2402; x_wconf 87' lang='lat' dir='ltr'><strong>festum</strong></span> <span class='ocrx_word' id='word_1_136' title='bbox 1407 2336 1554 2405; x_wconf 79' lang='lat' dir='ltr'><strong>Pascha.</strong></span> 
     </span>
    </p>

    <p class='ocr_par' dir='ltr' id='par_1_6' title="bbox 423 2434 1604 2529">
     <span class='ocr_line' id='line_1_18' title="bbox 423 2434 1604 2529; baseline 0.006 -25"><span class='ocrx_word' id='word_1_137' title='bbox 423 2439 493 2506; x_wconf 89' lang='lat' dir='ltr'><strong>llll.</strong></span> <span class='ocrx_word' id='word_1_138' title='bbox 516 2434 599 2509; x_wconf 86' lang='lat' dir='ltr'><strong>Item</strong></span> <span class='ocrx_word' id='word_1_139' title='bbox 630 2440 847 2509; x_wconf 87' lang='lat' dir='ltr'><strong>dixerunt...</strong></span> <span class='ocrx_word' id='word_1_140' title='bbox 878 2443 970 2529; x_wconf 88' lang='lat' dir='ltr'><strong>quod</strong></span> <span class='ocrx_word' id='word_1_141' title='bbox 985 2441 1094 2509; x_wconf 88' lang='lat' dir='ltr'><strong>dictus</strong></span> <span class='ocrx_word' id='word_1_142' title='bbox 1111 2442 1271 2509; x_wconf 83' lang='lat' dir='ltr'><strong>domiuus</strong></span> <span class='ocrx_word' id='word_1_143' title='bbox 1291 2442 1384 2529; x_wconf 91' lang='lat' dir='ltr'><strong>prior</strong></span> <span class='ocrx_word' id='word_1_144' title='bbox 1405 2447 1438 2510; x_wconf 92' lang='grc'><strong>33</strong></span> <span class='ocrx_word' id='word_1_145' title='bbox 1453 2444 1505 2511; x_wconf 90' lang='grc'><strong>333</strong></span> <span class='ocrx_word' id='word_1_146' title='bbox 1526 2464 1604 2512; x_wconf 88' lang='grc'><strong>333-</strong></span> 
     </span>
    </p>
   </div>
   <div class='ocr_carea' id='block_1_4' title="bbox 380 2547 1715 2636">
    <p class='ocr_par' dir='ltr' id='par_1_7' title="bbox 380 2547 1715 2636">
     <span class='ocr_line' id='line_1_19' title="bbox 380 2547 1715 2636; baseline 0.001 -21"><span class='ocrx_word' id='word_1_147' title='bbox 380 2565 532 2615; x_wconf 90' lang='lat' dir='ltr'><strong>cessores</strong></span> <span class='ocrx_word' id='word_1_148' title='bbox 551 2552 767 2616; x_wconf 89' lang='lat' dir='ltr'><strong>teneantur..</strong></span> <span class='ocrx_word' id='word_1_149' title='bbox 783 2548 874 2615; x_wconf 78' lang='lat' dir='ltr'><strong>‚mit</strong></span> <span class='ocrx_word' id='word_1_150' title='bbox 877 2554 983 2616; x_wconf 88' lang='lat' dir='ltr'><strong>t..ere</strong></span> <span class='ocrx_word' id='word_1_151' title='bbox 999 2547 1253 2636; x_wconf 76' lang='grc'><strong>,333333333333</strong></span> <span class='ocrx_word' id='word_1_152' title='bbox 1272 2552 1403 2615; x_wconf 76' lang='lat' dir='ltr'><strong>curam.</strong></span> <span class='ocrx_word' id='word_1_153' title='bbox 1420 2549 1603 2616; x_wconf 86' lang='grc'><strong>..33333333</strong></span> <span class='ocrx_word' id='word_1_154' title='bbox 1714 2631 1715 2636; x_wconf 9' lang='lat'>¹</span> 
     </span>
    </p>
   </div>
   <div class='ocr_carea' id='block_1_5' title="bbox 380 2652 1603 2742">
    <p class='ocr_par' dir='ltr' id='par_1_8' title="bbox 380 2652 1603 2742">
     <span class='ocr_line' id='line_1_20' title="bbox 380 2652 1603 2742; baseline 0.002 -21"><span class='ocrx_word' id='word_1_155' title='bbox 380 2652 577 2721; x_wconf 78' lang='lat' dir='ltr'><strong>victualium</strong></span> <span class='ocrx_word' id='word_1_156' title='bbox 607 2654 634 2720; x_wconf 90' lang='lat' dir='ltr'><strong>si</strong></span> <span class='ocrx_word' id='word_1_157' title='bbox 662 2655 855 2742; x_wconf 87' lang='lat' dir='ltr'><strong>petierint..</strong></span> <span class='ocrx_word' id='word_1_158' title='bbox 870 2674 967 2742; x_wconf 90' lang='lat' dir='ltr'><strong>p.ro</strong></span> <span class='ocrx_word' id='word_1_159' title='bbox 983 2674 1066 2721; x_wconf 88' lang='grc'><strong>3333</strong></span> <span class='ocrx_word' id='word_1_160' title='bbox 1087 2653 1129 2720; x_wconf 89' lang='lat' dir='ltr'><strong>ad</strong></span> <span class='ocrx_word' id='word_1_161' title='bbox 1155 2652 1324 2721; x_wconf 89' lang='lat' dir='ltr'><strong>domum</strong></span> <span class='ocrx_word' id='word_1_162' title='bbox 1316 2654 1422 2741; x_wconf 79' lang='lat' dir='ltr'><strong>ipsius</strong></span> <span class='ocrx_word' id='word_1_163' title='bbox 1452 2657 1557 2723; x_wconf 91' lang='lat' dir='ltr'><strong>curati</strong></span> <span class='ocrx_word' id='word_1_164' title='bbox 1582 2676 1603 2723; x_wconf 87' lang='grc'><strong>3</strong></span> 
     </span>
    </p>
   </div>
   <div class='ocr_carea' id='block_1_6' title="bbox 381 2758 1715 2848">
    <p class='ocr_par' dir='ltr' id='par_1_9' title="bbox 381 2758 1715 2848">
     <span class='ocr_line' id='line_1_21' title="bbox 381 2758 1715 2848; baseline 0.002 -23"><span class='ocrx_word' id='word_1_165' title='bbox 381 2758 467 2826; x_wconf 83' lang='grc'><strong>33333</strong></span> <span class='ocrx_word' id='word_1_166' title='bbox 494 2759 648 2827; x_wconf 89' lang='lat' dir='ltr'><strong>omnium</strong></span> <span class='ocrx_word' id='word_1_167' title='bbox 668 2764 762 2828; x_wconf 89' lang='lat' dir='ltr'><strong>sanct</strong></span> <span class='ocrx_word' id='word_1_168' title='bbox 764 2780 872 2830; x_wconf 90' lang='lat' dir='ltr'><strong>orum</strong></span> <span class='ocrx_word' id='word_1_169' title='bbox 890 2781 998 2848; x_wconf 81' lang='lat' dir='ltr'><strong>usque</strong></span> <span class='ocrx_word' id='word_1_170' title='bbox 1019 2759 1063 2827; x_wconf 91' lang='lat' dir='ltr'><strong>ad</strong></span> <span class='ocrx_word' id='word_1_171' title='bbox 1080 2758 1264 2827; x_wconf 73' lang='lat' dir='ltr'><strong>artnentum</strong></span> <span class='ocrx_word' id='word_1_172' title='bbox 1296 2759 1430 2826; x_wconf 88' lang='lat' dir='ltr'><strong>Domini</strong></span> <span class='ocrx_word' id='word_1_173' title='bbox 1454 2766 1488 2829; x_wconf 87' lang='lat' dir='ltr'><strong>et</strong></span> <span class='ocrx_word' id='word_1_174' title='bbox 1511 2761 1598 2830; x_wconf 87' lang='lat' dir='ltr'><strong>festo</strong></span> <span class='ocrx_word' id='word_1_175' title='bbox 1714 2769 1715 2803; x_wconf 83' lang='lat'>³</span> 
     </span>
    </p>
   </div>
   <div class='ocr_carea' id='block_1_7' title="bbox 382 2864 1381 2954">
    <p class='ocr_par' dir='ltr' id='par_1_10' title="bbox 382 2864 1381 2954">
     <span class='ocr_line' id='line_1_22' title="bbox 382 2864 1381 2954; baseline 0 -22"><span class='ocrx_word' id='word_1_176' title='bbox 382 2865 502 2933; x_wconf 87' lang='lat' dir='ltr'><strong>natalis</strong></span> <span class='ocrx_word' id='word_1_177' title='bbox 517 2867 650 2935; x_wconf 88' lang='lat' dir='ltr'><strong>Domini</strong></span> <span class='ocrx_word' id='word_1_178' title='bbox 666 2887 774 2954; x_wconf 89' lang='lat' dir='ltr'><strong>usque</strong></span> <span class='ocrx_word' id='word_1_179' title='bbox 790 2866 833 2935; x_wconf 91' lang='lat' dir='ltr'><strong>ad</strong></span> <span class='ocrx_word' id='word_1_180' title='bbox 845 2866 1100 2954; x_wconf 89' lang='lat' dir='ltr'><strong>carniprimium</strong></span> <span class='ocrx_word' id='word_1_181' title='bbox 1115 2864 1264 2952; x_wconf 88' lang='lat' dir='ltr'><strong>quolibet</strong></span> <span class='ocrx_word' id='word_1_182' title='bbox 1279 2884 1381 2934; x_wconf 90' lang='grc'><strong>3333.</strong></span> 
     </span>
    </p>
   </div>
   <div class='ocr_carea' id='block_1_8' title="bbox 424 2969 1714 3075">
    <p class='ocr_par' dir='ltr' id='par_1_11' title="bbox 424 2969 1714 3075">
     <span class='ocr_line' id='line_1_23' title="bbox 424 2969 1714 3075; baseline 0.002 -37"><span class='ocrx_word' id='word_1_183' title='bbox 424 2969 509 3039; x_wconf 88' lang='lat' dir='ltr'>XIII.</span> <span class='ocrx_word' id='word_1_184' title='bbox 530 2972 614 3038; x_wconf 89' lang='lat' dir='ltr'><strong>Itein</strong></span> <span class='ocrx_word' id='word_1_185' title='bbox 644 2970 863 3040; x_wconf 85' lang='lat' dir='ltr'><strong>dixerunt...</strong></span> <span class='ocrx_word' id='word_1_186' title='bbox 891 2972 982 3060; x_wconf 87' lang='lat' dir='ltr'><strong>quod</strong></span> <span class='ocrx_word' id='word_1_187' title='bbox 1013 2971 1184 3061; x_wconf 79' lang='lat' dir='ltr'><strong>quaedam·</strong></span> <span class='ocrx_word' id='word_1_188' title='bbox 1207 2971 1317 3038; x_wconf 89' lang='lat' dir='ltr'><strong>littera</strong></span> <span class='ocrx_word' id='word_1_189' title='bbox 1344 2971 1507 3040; x_wconf 88' lang='lat' dir='ltr'><strong>hostensa</strong></span> <span class='ocrx_word' id='word_1_190' title='bbox 1540 2991 1603 3060; x_wconf 90' lang='lat' dir='ltr'><strong>per</strong></span> <span class='ocrx_word' id='word_1_191' title='bbox 1713 3058 1714 3075; x_wconf 11' lang='grc' dir='ltr'>χ</span> 
     </span>
    </p>
   </div>
   <div class='ocr_carea' id='block_1_9' title="bbox 332 3074 1713 3810">
    <p class='ocr_par' dir='ltr' id='par_1_12' title="bbox 332 3074 1713 3810">
     <span class='ocr_line' id='line_1_24' title="bbox 382 3074 1602 3169; baseline 0 -23"><span class='ocrx_word' id='word_1_192' title='bbox 382 3074 509 3146; x_wconf 88' lang='lat' dir='ltr'><strong>dictum</strong></span> <span class='ocrx_word' id='word_1_193' title='bbox 525 3076 704 3147; x_wconf 91' lang='lat' dir='ltr'><strong>dominum</strong></span> <span class='ocrx_word' id='word_1_194' title='bbox 723 3080 870 3169; x_wconf 82' lang='lat' dir='ltr'><strong>priorem·</strong></span> <span class='ocrx_word' id='word_1_195' title='bbox 890 3080 1032 3168; x_wconf 79' lang='lat' dir='ltr'><strong>sigillata</strong></span> <span class='ocrx_word' id='word_1_196' title='bbox 1052 3079 1162 3167; x_wconf 83' lang='lat' dir='ltr'><strong>sigillo</strong></span> <span class='ocrx_word' id='word_1_197' title='bbox 1177 3078 1356 3146; x_wconf 83' lang='lat' dir='ltr'><strong>reuerendi</strong></span> <span class='ocrx_word' id='word_1_198' title='bbox 1379 3078 1415 3145; x_wconf 92' lang='lat' dir='ltr'><strong>in</strong></span> <span class='ocrx_word' id='word_1_199' title='bbox 1426 3079 1478 3144; x_wconf 86' lang='lat' dir='ltr'><strong>ll¹⁰</strong></span> <span class='ocrx_word' id='word_1_200' title='bbox 1494 3079 1602 3168; x_wconf 88' lang='lat' dir='ltr'><strong>patris</strong></span> 
     </span>
     <span class='ocr_line' id='line_1_25' title="bbox 381 3181 1601 3275; baseline -0.001 -23"><span class='ocrx_word' id='word_1_201' title='bbox 381 3181 511 3252; x_wconf 91' lang='lat' dir='ltr'><strong>domini</strong></span> <span class='ocrx_word' id='word_1_202' title='bbox 524 3185 685 3254; x_wconf 89' lang='lat' dir='ltr'><strong>Bernardi</strong></span> <span class='ocrx_word' id='word_1_203' title='bbox 703 3186 876 3275; x_wconf 89' lang='lat' dir='ltr'><strong>quondam</strong></span> <span class='ocrx_word' id='word_1_204' title='bbox 891 3186 1080 3253; x_wconf 82' lang='grc'><strong>3333333333</strong></span> <span class='ocrx_word' id='word_1_205' title='bbox 1095 3185 1243 3274; x_wconf 87' lang='lat' dir='ltr'><strong>episcopi</strong></span> <span class='ocrx_word' id='word_1_206' title='bbox 1257 3184 1482 3273; x_wconf 84' lang='lat' dir='ltr'><strong>impressione</strong></span> <span class='ocrx_word' id='word_1_207' title='bbox 1497 3203 1601 3252; x_wconf 83' lang='lat' dir='ltr'><strong>cerrae</strong></span> 
     </span>
     <span class='ocr_line' id='line_1_26' title="bbox 381 3267 1713 3382; baseline 0.001 -25"><span class='ocrx_word' id='word_1_208' title='bbox 381 3290 497 3359; x_wconf 87' lang='lat' dir='ltr'><strong>viridis</strong></span> <span class='ocrx_word' id='word_1_209' title='bbox 521 3292 743 3380; x_wconf 86' lang='lat' dir='ltr'><strong>impendenti,</strong></span> <span class='ocrx_word' id='word_1_210' title='bbox 760 3313 837 3382; x_wconf 87' lang='lat' dir='ltr'><strong>quae</strong></span> <span class='ocrx_word' id='word_1_211' title='bbox 858 3292 996 3381; x_wconf 91' lang='lat' dir='ltr'><strong>quidem</strong></span> <span class='ocrx_word' id='word_1_212' title='bbox 1015 3290 1124 3359; x_wconf 86' lang='lat' dir='ltr'><strong>littera</strong></span> <span class='ocrx_word' id='word_1_213' title='bbox 1143 3291 1257 3379; x_wconf 87' lang='lat' dir='ltr'><strong>incipit</strong></span> <span class='ocrx_word' id='word_1_214' title='bbox 1280 3295 1316 3358; x_wconf 91' lang='lat' dir='ltr'><strong>in</strong></span> <span class='ocrx_word' id='word_1_215' title='bbox 1330 3291 1488 3380; x_wconf 53' lang='lat' dir='ltr'><strong>sssecunda</strong></span> <span class='ocrx_word' id='word_1_216' title='bbox 1510 3290 1602 3358; x_wconf 86' lang='lat' dir='ltr'><strong>linea</strong></span> <span class='ocrx_word' id='word_1_217' title='bbox 1712 3267 1713 3294; x_wconf 49' lang='lat'>¹</span> 
     </span>
     <span class='ocr_line' id='line_1_27' title="bbox 381 3389 1600 3488; baseline -0.001 -24"><span class='ocrx_word' id='word_1_218' title='bbox 381 3401 590 3482; x_wconf 80' lang='lat' dir='ltr'><strong>Piporiensts</strong></span> <span class='ocrx_word' id='word_1_219' title='bbox 604 3404 637 3468; x_wconf 90' lang='grc'><strong>33</strong></span> <span class='ocrx_word' id='word_1_220' title='bbox 652 3399 715 3488; x_wconf 84' lang='lat' dir='ltr'><strong>fuit</strong></span> <span class='ocrx_word' id='word_1_221' title='bbox 731 3403 809 3467; x_wconf 92' lang='lat' dir='ltr'><strong>ante</strong></span> <span class='ocrx_word' id='word_1_222' title='bbox 829 3406 942 3467; x_wconf 86' lang='lat' dir='ltr'><strong>actum</strong></span> <span class='ocrx_word' id='word_1_223' title='bbox 961 3398 1118 3466; x_wconf 87' lang='lat' dir='ltr'><strong>diffinivit</strong></span> <span class='ocrx_word' id='word_1_224' title='bbox 1138 3389 1422 3465; x_wconf 82' lang='lat' dir='ltr'><strong>nonobstantibus</strong></span> <span class='ocrx_word' id='word_1_225' title='bbox 1439 3396 1600 3486; x_wconf 89' lang='lat' dir='ltr'><strong>predictis</strong></span> 
     </span>
     <span class='ocr_line' id='line_1_28' title="bbox 332 3502 1600 3594; baseline -0.002 -24"><span class='ocrx_word' id='word_1_226' title='bbox 332 3555 334 3558; x_wconf 84' lang='grc'>-</span> <span class='ocrx_word' id='word_1_227' title='bbox 381 3503 649 3573; x_wconf 85' lang='lat' dir='ltr'><strong>ordinationibus</strong></span> <span class='ocrx_word' id='word_1_228' title='bbox 665 3510 699 3574; x_wconf 90' lang='grc'><strong>33</strong></span> <span class='ocrx_word' id='word_1_229' title='bbox 708 3505 1045 3594; x_wconf 91' lang='lat' dir='ltr'><strong>pronunciationibus</strong></span> <span class='ocrx_word' id='word_1_230' title='bbox 1056 3508 1257 3572; x_wconf 86' lang='lat' dir='ltr'><strong>remaneant</strong></span> <span class='ocrx_word' id='word_1_231' title='bbox 1267 3503 1302 3571; x_wconf 92' lang='lat' dir='ltr'><strong>in</strong></span> <span class='ocrx_word' id='word_1_232' title='bbox 1318 3523 1378 3571; x_wconf 88' lang='lat' dir='ltr'><strong>sua</strong></span> <span class='ocrx_word' id='word_1_233' title='bbox 1401 3502 1600 3592; x_wconf 87' lang='lat' dir='ltr'><strong>plenIssima</strong></span> 
     </span>
     <span class='ocr_line' id='line_1_29' title="bbox 382 3609 1599 3704; baseline 0.002 -28"><span class='ocrx_word' id='word_1_234' title='bbox 382 3610 540 3680; x_wconf 86' lang='lat' dir='ltr'><strong>firmitate</strong></span> <span class='ocrx_word' id='word_1_235' title='bbox 560 3617 594 3680; x_wconf 91' lang='lat' dir='ltr'><strong>et</strong></span> <span class='ocrx_word' id='word_1_236' title='bbox 618 3613 683 3680; x_wconf 89' lang='lat' dir='ltr'><strong>alia</strong></span> <span class='ocrx_word' id='word_1_237' title='bbox 711 3613 937 3682; x_wconf 87' lang='lat' dir='ltr'><strong>instrumenta</strong></span> <span class='ocrx_word' id='word_1_238' title='bbox 959 3612 1127 3680; x_wconf 88' lang='lat' dir='ltr'><strong>autentica</strong></span> <span class='ocrx_word' id='word_1_239' title='bbox 1141 3615 1184 3704; x_wconf 89' lang='lat' dir='ltr'><strong>et</strong></span> <span class='ocrx_word' id='word_1_240' title='bbox 1208 3621 1284 3698; x_wconf 76' lang='lat' dir='ltr'><strong>quaa</strong></span> <span class='ocrx_word' id='word_1_241' title='bbox 1303 3615 1414 3699; x_wconf 90' lang='lat' dir='ltr'><strong>partes</strong></span> <span class='ocrx_word' id='word_1_242' title='bbox 1439 3609 1599 3700; x_wconf 71' lang='lat' dir='ltr'><strong>predictae</strong></span> 
     </span>
     <span class='ocr_line' id='line_1_30' title="bbox 381 3716 771 3810; baseline 0.01 -27"><span class='ocrx_word' id='word_1_243' title='bbox 381 3716 708 3788; x_wconf 85' lang='lat' dir='ltr'><strong>luerinthostensae.</strong></span> <span class='ocrx_word' id='word_1_244' title='bbox 760 3769 771 3810; x_wconf 71' lang='lat'><strong>,-</strong></span> 
     </span>
    </p>
   </div>
   <div class='ocr_carea' id='block_1_10' title="bbox 382 3823 1711 3918">
    <p class='ocr_par' dir='ltr' id='par_1_13' title="bbox 382 3823 1711 3918">
     <span class='ocr_line' id='line_1_31' title="bbox 382 3823 1711 3918; baseline -0.001 -25"><span class='ocrx_word' id='word_1_245' title='bbox 382 3887 383 3893; x_wconf 73' lang='grc'>,</span> <span class='ocrx_word' id='word_1_246' title='bbox 426 3825 512 3893; x_wconf 87' lang='lat' dir='ltr'>XIV.</span> <span class='ocrx_word' id='word_1_247' title='bbox 531 3827 616 3895; x_wconf 90' lang='lat' dir='ltr'><strong>Item</strong></span> <span class='ocrx_word' id='word_1_248' title='bbox 631 3827 804 3896; x_wconf 86' lang='lat' dir='ltr'><strong>dixerunt.</strong></span> <span class='ocrx_word' id='word_1_249' title='bbox 820 3876 849 3896; x_wconf 85' lang='lat'><strong>..</strong></span> <span class='ocrx_word' id='word_1_250' title='bbox 878 3827 970 3918; x_wconf 85' lang='lat' dir='ltr'><strong>quod</strong></span> <span class='ocrx_word' id='word_1_251' title='bbox 985 3826 1099 3894; x_wconf 90' lang='lat' dir='ltr'><strong>omnia</strong></span> <span class='ocrx_word' id='word_1_252' title='bbox 1117 3830 1151 3894; x_wconf 91' lang='grc'><strong>33</strong></span> <span class='ocrx_word' id='word_1_253' title='bbox 1166 3824 1304 3914; x_wconf 83' lang='lat' dir='ltr'><strong>singula</strong></span> <span class='ocrx_word' id='word_1_254' title='bbox 1321 3829 1423 3914; x_wconf 83' lang='lat' dir='ltr'><strong>prout</strong></span> <span class='ocrx_word' id='word_1_255' title='bbox 1442 3823 1598 3914; x_wconf 89' lang='lat' dir='ltr'><strong>superius</strong></span> <span class='ocrx_word' id='word_1_256' title='bbox 1710 3827 1711 3852; x_wconf 67' lang='lat'>¹</span> 
     </span>
    </p>
   </div>
   <div class='ocr_carea' id='block_1_11' title="bbox 381 3930 1594 4021">
    <p class='ocr_par' dir='ltr' id='par_1_14' title="bbox 381 3930 1594 4021">
     <span class='ocr_line' id='line_1_32' title="bbox 381 3930 1594 4021; baseline -0.002 -19"><span class='ocrx_word' id='word_1_257' title='bbox 381 3936 461 4004; x_wconf 87' lang='lat' dir='ltr'><strong>sunt</strong></span> <span class='ocrx_word' id='word_1_258' title='bbox 481 3952 653 4021; x_wconf 84' lang='lat' dir='ltr'><strong>expressa.</strong></span> <span class='ocrx_word' id='word_1_259' title='bbox 667 3981 698 4005; x_wconf 90' lang='lat'><strong>..</strong></span> <span class='ocrx_word' id='word_1_260' title='bbox 724 3933 916 4002; x_wconf 87' lang='lat' dir='ltr'><strong>ratiffioent.</strong></span> <span class='ocrx_word' id='word_1_261' title='bbox 932 3985 960 4000; x_wconf 91' lang='lat'><strong>..</strong></span> <span class='ocrx_word' id='word_1_262' title='bbox 982 3933 1165 4001; x_wconf 88' lang='lat' dir='ltr'><strong>totaliter..</strong></span> <span class='ocrx_word' id='word_1_263' title='bbox 1182 3986 1188 3999; x_wconf 92' lang='lat'><strong>.</strong></span> <span class='ocrx_word' id='word_1_264' title='bbox 1213 3932 1280 4001; x_wconf 89' lang='lat' dir='ltr'><strong>hoo</strong></span> <span class='ocrx_word' id='word_1_265' title='bbox 1297 3935 1436 4020; x_wconf 87' lang='lat' dir='ltr'><strong>excepto</strong></span> <span class='ocrx_word' id='word_1_266' title='bbox 1458 3930 1594 4020; x_wconf 87' lang='lat' dir='ltr'><strong>quod...</strong></span> 
     </span>
    </p>
   </div>
   <div class='ocr_carea' id='block_1_12' title="bbox 382 4036 1710 4132">
    <p class='ocr_par' dir='ltr' id='par_1_15' title="bbox 382 4036 1710 4132">
     <span class='ocr_line' id='line_1_33' title="bbox 382 4036 1710 4132; baseline -0.008 -17"><span class='ocrx_word' id='word_1_267' title='bbox 382 4044 410 4114; x_wconf 84' lang='lat' dir='ltr'><strong>si</strong></span> <span class='ocrx_word' id='word_1_268' title='bbox 433 4041 559 4132; x_wconf 90' lang='lat' dir='ltr'><strong>aliquid</strong></span> <span class='ocrx_word' id='word_1_269' title='bbox 574 4047 640 4110; x_wconf 86' lang='lat' dir='ltr'><strong>est.</strong></span> <span class='ocrx_word' id='word_1_270' title='bbox 655 4091 684 4108; x_wconf 87' lang='lat'><strong>..</strong></span> <span class='ocrx_word' id='word_1_271' title='bbox 708 4040 910 4109; x_wconf 89' lang='lat' dir='ltr'><strong>dubium.</strong></span> <span class='ocrx_word' id='word_1_272' title='bbox 936 4039 980 4110; x_wconf 90' lang='lat' dir='ltr'><strong>ad</strong></span> <span class='ocrx_word' id='word_1_273' title='bbox 994 4041 1058 4107; x_wconf 87' lang='lat' dir='ltr'><strong>hoo</strong></span> <span class='ocrx_word' id='word_1_274' title='bbox 1073 4038 1386 4107; x_wconf 89' lang='lat' dir='ltr'><strong>determinandum.</strong></span> <span class='ocrx_word' id='word_1_275' title='bbox 1397 4090 1407 4114; x_wconf 94' lang='grc'><strong>.</strong></span> <span class='ocrx_word' id='word_1_276' title='bbox 1423 4088 1429 4104; x_wconf 95' lang='grc'><strong>.</strong></span> <span class='ocrx_word' id='word_1_277' title='bbox 1456 4036 1598 4127; x_wconf 90' lang='lat' dir='ltr'><strong>predicti</strong></span> <span class='ocrx_word' id='word_1_278' title='bbox 1709 4071 1710 4116; x_wconf 63' lang='grc'><strong>3</strong></span> 
     </span>
    </p>
   </div>
   <div class='ocr_carea' id='block_1_13' title="bbox 381 4143 1708 4566">
    <p class='ocr_par' dir='ltr' id='par_1_16' title="bbox 381 4143 1592 4236">
     <span class='ocr_line' id='line_1_34' title="bbox 381 4143 1592 4236; baseline -0.008 -15"><span class='ocrx_word' id='word_1_279' title='bbox 381 4151 611 4221; x_wconf 83' lang='grc'><strong>333333333333.</strong></span> <span class='ocrx_word' id='word_1_280' title='bbox 627 4200 634 4215; x_wconf 90' lang='grc'><strong>.</strong></span> <span class='ocrx_word' id='word_1_281' title='bbox 650 4201 657 4215; x_wconf 95' lang='grc'><strong>.</strong></span> <span class='ocrx_word' id='word_1_282' title='bbox 683 4149 897 4216; x_wconf 89' lang='grc'><strong>33333333333</strong></span> <span class='ocrx_word' id='word_1_283' title='bbox 920 4147 982 4215; x_wconf 92' lang='lat' dir='ltr'><strong>sibi</strong></span> <span class='ocrx_word' id='word_1_284' title='bbox 1000 4151 1217 4236; x_wconf 88' lang='lat' dir='ltr'><strong>potestatem.</strong></span> <span class='ocrx_word' id='word_1_285' title='bbox 1233 4179 1261 4213; x_wconf 88' lang='grc'><strong>.·-.</strong></span> <span class='ocrx_word' id='word_1_286' title='bbox 1290 4143 1548 4233; x_wconf 89' lang='lat' dir='ltr'><strong>interpretandi.</strong></span> <span class='ocrx_word' id='word_1_287' title='bbox 1564 4193 1592 4211; x_wconf 89' lang='lat'><strong>..</strong></span> 
     </span>
    </p>

    <p class='ocr_par' dir='ltr' id='par_1_17' title="bbox 381 4247 1708 4566">
     <span class='ocr_line' id='line_1_35' title="bbox 426 4247 1596 4350; baseline -0.007 -23"><span class='ocrx_word' id='word_1_288' title='bbox 426 4261 547 4326; x_wconf 83' lang='lat' dir='ltr'><strong>Actum</strong></span> <span class='ocrx_word' id='word_1_289' title='bbox 563 4256 683 4337; x_wconf 81' lang='lat' dir='ltr'><strong>Anicii,</strong></span> <span class='ocrx_word' id='word_1_290' title='bbox 699 4274 789 4323; x_wconf 87' lang='lat' dir='ltr'><strong>anno</strong></span> <span class='ocrx_word' id='word_1_291' title='bbox 808 4260 842 4322; x_wconf 91' lang='grc'><strong>33</strong></span> <span class='ocrx_word' id='word_1_292' title='bbox 856 4254 909 4322; x_wconf 91' lang='lat' dir='ltr'><strong>die</strong></span> <span class='ocrx_word' id='word_1_293' title='bbox 924 4254 1047 4344; x_wconf 89' lang='lat' dir='ltr'><strong>quibus</strong></span> <span class='ocrx_word' id='word_1_294' title='bbox 1060 4272 1172 4341; x_wconf 87' lang='lat' dir='ltr'><strong>supra,</strong></span> <span class='ocrx_word' id='word_1_295' title='bbox 1190 4253 1225 4319; x_wconf 91' lang='lat' dir='ltr'><strong>iu</strong></span> <span class='ocrx_word' id='word_1_296' title='bbox 1243 4258 1322 4350; x_wconf 87' lang='lat' dir='ltr'><strong>erto</strong></span> <span class='ocrx_word' id='word_1_297' title='bbox 1335 4252 1422 4319; x_wconf 90' lang='lat' dir='ltr'><strong>Petri</strong></span> <span class='ocrx_word' id='word_1_298' title='bbox 1436 4247 1596 4330; x_wconf 89' lang='grc'><strong>33333333,</strong></span> 
     </span>
     <span class='ocr_line' id='line_1_36' title="bbox 381 4358 1595 4455; baseline -0.007 -23"><span class='ocrx_word' id='word_1_299' title='bbox 381 4363 596 4455; x_wconf 86' lang='lat' dir='ltr'><strong>presentibus</strong></span> <span class='ocrx_word' id='word_1_300' title='bbox 609 4363 751 4431; x_wconf 89' lang='lat' dir='ltr'><strong>testibus</strong></span> <span class='ocrx_word' id='word_1_301' title='bbox 767 4362 855 4430; x_wconf 90' lang='lat' dir='ltr'><strong>dioto</strong></span> <span class='ocrx_word' id='word_1_302' title='bbox 870 4363 967 4429; x_wconf 88' lang='lat' dir='ltr'><strong>Petro</strong></span> <span class='ocrx_word' id='word_1_303' title='bbox 985 4361 1131 4428; x_wconf 89' lang='grc'><strong>33333333</strong></span> <span class='ocrx_word' id='word_1_304' title='bbox 1144 4359 1186 4426; x_wconf 87' lang='lat' dir='ltr'><strong>dc</strong></span> <span class='ocrx_word' id='word_1_305' title='bbox 1199 4361 1230 4426; x_wconf 89' lang='grc'><strong>33</strong></span> <span class='ocrx_word' id='word_1_306' title='bbox 1241 4360 1351 4427; x_wconf 83' lang='lat' dir='ltr'><strong>Crotta</strong></span> <span class='ocrx_word' id='word_1_307' title='bbox 1361 4358 1403 4426; x_wconf 90' lang='lat' dir='ltr'><strong>de</strong></span> <span class='ocrx_word' id='word_1_308' title='bbox 1414 4358 1595 4446; x_wconf 81' lang='lat' dir='ltr'><strong>Vulgueyt,</strong></span> 
     </span>
     <span class='ocr_line' id='line_1_37' title="bbox 382 4465 1708 4566; baseline -0.007 -24"><span class='ocrx_word' id='word_1_309' title='bbox 382 4472 500 4542; x_wconf 88' lang='lat' dir='ltr'><strong>Pontio</strong></span> <span class='ocrx_word' id='word_1_310' title='bbox 528 4469 571 4539; x_wconf 90' lang='lat' dir='ltr'><strong>de</strong></span> <span class='ocrx_word' id='word_1_311' title='bbox 590 4471 683 4559; x_wconf 84' lang='lat' dir='ltr'><strong>Lngo</strong></span> <span class='ocrx_word' id='word_1_312' title='bbox 703 4470 745 4537; x_wconf 90' lang='lat' dir='ltr'><strong>de</strong></span> <span class='ocrx_word' id='word_1_313' title='bbox 764 4471 891 4551; x_wconf 85' lang='lat' dir='ltr'><strong>VIssac‚</strong></span> <span class='ocrx_word' id='word_1_314' title='bbox 908 4469 1036 4537; x_wconf 88' lang='lat' dir='ltr'><strong>Ioanne</strong></span> <span class='ocrx_word' id='word_1_315' title='bbox 1055 4467 1277 4556; x_wconf 80' lang='lat' dir='ltr'><strong>Baudoynde</strong></span> <span class='ocrx_word' id='word_1_316' title='bbox 1300 4467 1451 4556; x_wconf 77' lang='lat' dir='ltr'><strong>salgues,</strong></span> <span class='ocrx_word' id='word_1_317' title='bbox 1469 4465 1600 4534; x_wconf 88' lang='grc'><strong>333333</strong></span> <span class='ocrx_word' id='word_1_318' title='bbox 1707 4525 1708 4566; x_wconf 26' lang='lat'>4</span> 
     </span>
    </p>
   </div>
   <div class='ocr_carea' id='block_1_14' title="bbox 381 4573 1188 4658">
    <p class='ocr_par' dir='ltr' id='par_1_18' title="bbox 381 4573 1188 4658">
     <span class='ocr_line' id='line_1_38' title="bbox 381 4573 1188 4658; baseline -0.009 -1"><span class='ocrx_word' id='word_1_319' title='bbox 381 4578 558 4658; x_wconf 82' lang='grc'><strong>3133333333</strong></span> <span class='ocrx_word' id='word_1_320' title='bbox 581 4576 623 4648; x_wconf 89' lang='lat' dir='ltr'><strong>de</strong></span> <span class='ocrx_word' id='word_1_321' title='bbox 643 4579 791 4654; x_wconf 79' lang='lat' dir='ltr'><strong>Glrambo</strong></span> <span class='ocrx_word' id='word_1_322' title='bbox 810 4577 1017 4648; x_wconf 85' lang='lat' dir='ltr'><strong>Mimatensis</strong></span> <span class='ocrx_word' id='word_1_323' title='bbox 1033 4573 1188 4650; x_wconf 77' lang='lat' dir='ltr'><strong>diocesis</strong></span> 
     </span>
    </p>
   </div>
   <div class='ocr_carea' id='block_1_15' title="bbox 0 0 1726 5642">
    <p class='ocr_par' dir='ltr' id='par_1_19' title="bbox 0 0 1726 5642">
     <span class='ocr_line' id='line_1_39' title="bbox 0 0 1726 5642; baseline 0 2"><span class='ocrx_word' id='word_1_324' title='bbox 0 0 1726 5642; x_wconf 95' lang='lat' dir='ltr'><strong> </strong></span> 
     </span>
    </p>
   </div>
  </div>
 </body>
</html>
