3442 5642
368 551 406 612 20
775 569 957 616 rsnnaruuu
979 569 1184 618 rrruuacrusn

368 663 787 680 ἡ

258 813 261 819 ’
366 815 447 880 tunc
465 810 661 900 possidebat
688 815 722 879 et
749 811 908 881 inantea
927 811 1136 902 adquisitura
1154 818 1225 881 erat
1253 833 1295 882 ex
1316 814 1387 882 suis
1419 814 1593 883 fevalibus

365 917 522 1010 quicquid
533 917 711 1006 adquirere
722 919 894 1006 potuerint
907 920 1123 1009 canoniciqui
1134 920 1309 988 ecclesiam
1320 941 1436 1008 regere
1447 921 1590 1001 debent,

364 1026 531 1095 concessit
550 1029 583 1092 et
611 1023 715 1093 dedit.
744 1025 829 1093 Sane
859 1025 889 1092 si
913 1024 990 1114 quis
1011 1025 1115 1095 homo
1134 1032 1193 1094 aut
1217 1026 1330 1116 aliqua
1354 1031 1503 1115 potestas
1521 1027 1593 1096 hoc

364 1132 494 1203 donum
522 1130 749 1223 contradicere
778 1131 934 1212 voluerit,
963 1131 1114 1220 quandiu
1148 1133 1183 1200 in
1215 1134 1280 1200 hoc
1312 1134 1535 1221 permanserit
1569 1134 1592 1200 a

363 1260 504 1328 corpore
522 1240 641 1307 Christi
657 1246 691 1308 et
710 1239 849 1308 ecclesie
865 1243 1038 1328 separetur
1062 1244 1186 1306 etcum
1210 1240 1316 1307 Datan
1343 1245 1376 1308 et
1396 1240 1522 1307 Abiron
1549 1241 1591 1306 in

360 1345 533 1414 infernum
548 1346 772 1436 demergatur.
787 1345 886 1412 Facta
900 1350 989 1413 carta
1004 1345 1067 1413 ista
1082 1347 1117 1412 in
1131 1365 1249 1414 mense
1264 1347 1402 1428 marcio
1421 1352 1590 1434 regnante

362 1453 491 1542 Philipo
512 1473 591 1543 rege
606 1455 827 1522 Francorum.

932 1812 1017 1882 XIX.

795 2000 939 2085 (Dorou)
962 1999 1143 2067 Borsorom.

401 2208 501 2274 Anno
516 2205 557 2273 ab
570 2201 805 2271 incarnacione
820 2203 952 2270 Domini
968 2204 1013 2270 ltl⁰
1028 2202 1256 2290 octuagesimo
1273 2201 1314 2269 V⁰
1328 2202 1420 2270 dedit
1436 2205 1586 2272 l'oucius

356 2312 561 2381 Rutunensis
576 2311 753 2398 episcopus
776 2307 986 2396 Piperacensi
1001 2307 1140 2376 ecclesie
1154 2309 1272 2375 Sancte
1287 2309 1387 2376 llario
1404 2315 1436 2376 et
1455 2331 1584 2400 prepo-

234 2397 239 2408 ’
356 2420 418 2487 sito
434 2418 602 2486 Dalmacio
623 2420 656 2483 et
669 2413 826 2481 fratribus
840 2433 901 2481 sue
915 2415 1190 2502 congregacionis
1206 2416 1404 2502 regulariter
1431 2418 1583 2485 viventi-

354 2526 418 2593 bus
442 2524 598 2593 ecclesias
627 2521 725 2589 castri
753 2520 910 2587 Boisoioli
930 2541 1015 2608 quas
1036 2522 1178 2588 Peneius
1198 2522 1456 2610 archipresbiter
1480 2528 1558 2593 tene
1576 2567 1581 2576 -

354 2631 410 2698 hat
423 2632 458 2697 in
477 2650 582 2696 manu
605 2625 775 2693 hldeborti
796 2625 954 2692 Villelmi.
975 2626 1070 2703 Quod
1093 2626 1221 2694 donum
1249 2629 1472 2698 laudaverunt
1500 2653 1582 2720 pre-

352 2737 464 2804 dictus
482 2732 741 2822 archipresbiter
765 2736 798 2798 et
827 2731 945 2799 Petrus
969 2733 1160 2820 Rostagnus
1177 2739 1210 2800 et
1230 2734 1315 2802 Vitet
1336 2741 1369 2802 et
1399 2736 1579 2806 Villelmus

351 2844 413 2911 filii
432 2842 518 2931 ejus,
540 2860 674 2908 necnon
694 2843 727 2907 et
743 2859 864 2906 omnes
883 2839 1093 2927 parrochiani
1109 2840 1199 2907 illius
1213 2841 1363 2909 ecclesie.
1380 2843 1419 2909 Et
1437 2848 1580 2932 propter

228 2952 233 2960 ’
350 2951 416 3019 hoc
433 2954 471 3018 ut
481 2950 531 3016 ita
546 2951 657 3016 ratum
680 2951 714 3014 et
732 2946 873 3012 firmum
902 2950 1034 3014 constet
1062 2945 1266 3034 juraverunt
1281 2947 1370 3016 Vitet
1400 2954 1433 3016 et
1457 2950 1579 3020 Villel-

350 3077 429 3125 mus
462 3056 564 3123 lrater
588 3053 662 3142 ejus
686 3052 721 3118 in
750 3072 854 3119 manu
878 3052 1037 3120 Dalmacii
1074 3054 1249 3142 prepositi,
1280 3060 1438 3141 presente
1476 3062 1573 3145 patre

350 3184 469 3233 eorum
493 3166 527 3231 et
550 3160 730 3228 hldeberte
753 3159 910 3226 Villelmo
930 3164 962 3226 et
981 3160 1097 3248 Ugone
1121 3161 1322 3248 Berengario
1347 3167 1380 3230 et
1402 3162 1574 3233 hdemaro

348 3272 517 3359 Rostagno
538 3273 572 3338 et
594 3266 736 3336 Geraldo
757 3266 957 3353 Berengario
981 3267 1026 3334 ita
1053 3291 1060 3332 ε
1085 3289 1101 3330 c
1122 3265 1222 3347 Audi,
1252 3267 1414 3350 Dalmaci,
1435 3271 1495 3358 qui
1511 3291 1575 3358 per

351 3401 367 3443 c
392 3363 541 3446 manum
555 3395 612 3442 me
627 3379 722 3442 tenes
738 3398 745 3440 :
763 3393 818 3441 res
837 3373 957 3440 harum
979 3372 1197 3440 ecclesiarum
1221 3394 1307 3461 quas
1326 3375 1429 3443 mode
1444 3376 1573 3445 habent

351 3510 368 3551 a
392 3492 425 3554 et
442 3489 479 3552 in
497 3488 595 3552 autea
613 3481 787 3549 habebunt
799 3501 862 3568 ego
877 3501 946 3546 non
966 3480 1117 3548 auferam
1139 3480 1226 3567 ne(c)
1247 3481 1368 3569 aliquis
1389 3484 1444 3550 vel
1459 3484 1574 3571 aliqua

350 3617 366 3658 c
392 3613 468 3660 meo
496 3591 637 3659 consilio
660 3587 715 3656 vel
741 3589 891 3674 ingenio,
914 3587 985 3680 tibi,
1008 3607 1071 3655 uec
1084 3587 1151 3654 illis
1171 3587 1300 3655 clericis
1326 3589 1383 3677 qui
1401 3590 1462 3657 tihi
1489 3590 1571 3660 obe-

349 3723 365 3763 «
391 3697 523 3766 dientes
538 3698 573 3765 in
595 3701 652 3764 tua
671 3694 833 3762 fidelitate
853 3694 906 3760 hic
927 3694 1075 3775 stabunt,
1098 3714 1160 3762 nec
1177 3694 1244 3761 illis
1264 3696 1320 3783 qui
1332 3699 1408 3783 post
1425 3701 1455 3763 te
1475 3703 1570 3765 tuam

348 3830 365 3871 u
390 3805 507 3874 sedem
529 3803 715 3882 habebunt,
743 3821 806 3868 nec
820 3800 948 3869 clericis
967 3821 1053 3889 quos
1079 3800 1214 3868 mittent
1238 3800 1293 3869 hic
1306 3802 1382 3890 ipsi.
1400 3803 1438 3870 Et
1463 3805 1491 3871 si
1507 3805 1569 3873 ali-

348 3937 365 3979 c
390 3911 532 4002 quisvel
550 3909 662 3998 aliqua
694 3907 820 3996 aliquid
844 3908 1020 3975 abstulerit
1045 3908 1105 3975 tibi
1134 3927 1195 3975 nec
1215 3912 1301 3992 (iope
1324 3932 1331 3974 :
1353 3910 1418 3996 vel)
1436 3911 1503 3978 illis
1521 3912 1564 3980 de

347 4044 364 4085 a
388 4019 511 4109 quibus
536 4017 692 4105 superius
717 4016 798 4096 dixi,
816 4035 878 4103 ego
903 4014 988 4082 illud
1011 4035 1092 4082 non·
1107 4013 1272 4103 placitabo
1300 4015 1330 4082 ei
1352 4010 1416 4083 ne'c
1432 4016 1567 4099 habebo

346 4153 363 4194 (c
388 4127 583 4195 societatem
598 4124 650 4208 uel
667 4122 865 4190 fidelitatem
889 4142 967 4189 cum
981 4122 1039 4188 illo
1058 4120 1167 4188 donec
1180 4119 1338 4216 emendet
1362 4123 1416 4213 vel
1430 4123 1566 4210 placitet

345 4257 363 4298 a
387 4223 459 4313 tibi,
480 4232 534 4299 vel
547 4215 614 4298 illis
630 4231 689 4318 qui
706 4233 742 4295 in
758 4234 815 4296 tua
831 4229 991 4296 fidelitate
1009 4228 1062 4294 hic
1081 4228 1219 4296 stabunt
1238 4230 1292 4296 vel
1308 4230 1561 4298 successoribus

345 4364 362 4405 a
386 4342 455 4408 tuis
471 4339 526 4407 vel
549 4337 688 4424 illisqui
709 4339 745 4402 in
764 4336 925 4404 fidelitate
945 4355 1063 4403 eorum
1078 4335 1133 4402 hic
1152 4334 1300 4404 stabunt.
1324 4359 1341 4400 r
1369 4336 1409 4403 Et
1435 4336 1563 4424 juravit

342 4448 494 4514 Sanctos.
520 4443 591 4511 Hoc
612 4447 726 4511 autem
747 4442 874 4510 facturn
899 4446 950 4510 est
978 4446 1071 4510 sexto
1091 4441 1168 4509 idus
1190 4441 1335 4531 januarii
1350 4442 1431 4509 luna
1449 4441 1507 4508 lll⁸
1529 4447 1562 4510 et

341 4553 460 4626 eadem
483 4552 578 4634 feria,
609 4570 699 4619 anno
725 4549 969 4618 incarnacionis
988 4549 1122 4618 Domini
1144 4548 1190 4614 Μο
1210 4547 1444 4637 Oetuagesimo
1474 4545 1560 4618 Vlll⁰
