3442 5642
551 562 734 614 rubricatum
755 562 959 612 PIPERAGENSE
1045 633 1049 644 .

673 1207 817 1276 XXXVI.
855 1235 858 1241 ¹

535 1404 679 1490 (bonon)
696 1404 885 1472 Acrcvnncr
907 1405 964 1492 (l).

183 1631 337 1697 Domnus
360 1628 500 1695 Pontius
522 1625 686 1693 memorie
706 1625 892 1694 reverende
918 1627 1020 1694 abbas
1046 1628 1193 1717 Piperaci
1219 1630 1358 1699 ecclesie

133 1735 272 1804 utilitati
282 1735 434 1803 intentus
444 1733 594 1811 catolice‚
607 1732 781 1800 ecclesiam
793 1731 1020 1820 supradictam
1034 1737 1242 1804 ornamentis
1259 1738 1360 1805 variis

93 1913 97 1918 ,
134 1841 315 1910 adornavit
333 1845 434 1929 atque
453 1839 670 1929 amplissimis
690 1838 877 1906 honoribus
896 1839 1024 1910 ditavit.
1053 1841 1210 1930 Interque
1231 1843 1359 1931 prefata

133 1969 217 2016 cum
231 1947 408 2016 conamine
424 1965 561 2034 magno,
578 1945 696 2011 multis
712 1945 812 2012 etiam
826 1945 948 2012 additis
964 1945 1063 2014 donis
1078 1948 1254 2016 ecclesiam
1270 1950 1361 2018 Alte-

132 2055 217 2122 riaci
231 2053 424 2143 adquisivit,
441 2053 476 2119 in
491 2073 557 2140 qua
573 2051 635 2118 sibi
651 2051 835 2140 providens
858 2072 899 2120 ex
913 2053 1034 2141 prioris
1048 2074 1219 2123 consensu
1234 2057 1358 2123 scilicet

131 2159 299 2250 Stephani
323 2164 357 2227 et
383 2159 470 2228 Petri
489 2160 609 2226 Dartos
628 2162 660 2224 et
686 2157 742 2226 W.
762 2159 958 2247 Dantraigas
982 2167 1240 2249 conventusque
1259 2163 1360 2230 ceteri

133 2270 207 2357 (sic)
226 2266 487 2336 misericorditer
503 2265 566 2353 (adl
590 2265 836 2353 adquirendam
856 2265 961 2333 vitam
981 2267 1139 2336 celestem
1159 2289 1360 2337 concessum

129 2377 227 2442 hunc
246 2375 385 2443 retinuit
408 2373 568 2460 quatinus
587 2379 663 2460 post
682 2373 863 2439 transitum
878 2394 980 2440 suum
1003 2375 1142 2442 ecclesie
1161 2376 1252 2443 illius
1268 2379 1359 2465 prior
1405 2432 1415 2454 ,

130 2482 316 2570 semperin
331 2480 385 2546 die
395 2478 614 2547 anniversarii
625 2479 887 2546 suicanonichos
900 2480 1137 2567 Piperacences
1152 2502 1358 2570 numenque

131 2608 255 2657 eorum
264 2588 424 2655 familiam
435 2586 592 2653 nobiliter
602 2585 766 2654 aelestive
776 2590 945 2674 procuret.
959 2586 1075 2676 Siquis
1091 2594 1205 2656 autem
1219 2589 1356 2676 indigne

130 2715 239 2784 agens
252 2694 331 2761 hnic
348 2696 444 2781 pacto
458 2690 859 2773 contradicere'vroluerit
878 2713 919 2760 ex
934 2694 992 2760 Dei
1007 2694 1202 2761 auctoritate
1214 2714 1252 2762 ac
1269 2693 1357 2762 Petri

130 2809 169 2872 et
189 2801 279 2869 Pauli
295 2801 498 2890 apreposito
520 2801 594 2888 ipso
617 2799 736 2867 ceteris
751 2799 1014 2868 assentientibus
1026 2800 1135 2870 donec
1155 2801 1356 2871 emendetur

131 2909 177 2978 ab
196 2911 291 2977 omni
311 2908 425 2976 divino
440 2907 550 2977 officio
569 2905 775 2974 dissotiatnr‘.

668 3321 826 3394 XXXVII.

178 3539 421 3609 incarnationis
435 3538 601 3608 dominice
625 3560 714 3607 anno
731 3540 776 3605 11ο
792 3540 829 3606 (1⁰
854 3535 921 3605 XL.
939 3536 978 3606 ll.
997 3542 1160 3626 regnanto
1185 3535 1352 3608 lodovico

132 3668 213 3735 rege
245 3648 450 3740 Francorum
479 3667 517 3713 cc
545 3646 629 3714 duce
657 3646 903 3734 Aquitanorum
939 3652 971 3712 et
1005 3645 1168 3713 Aimerico
1194 3648 1352 3735 episcopo

131 3741 364 3823 Arvernorum
380 3753 598 3842 regnantibus
623 3753 686 3820 sub
714 3753 869 3833 Domino,
898 3752 1090 3820 Bernardns
1116 3751 1158 3820 de
1188 3753 1351 3841 langiaco

131 3866 167 3930 et
184 3860 239 3930 W.
256 3862 359 3929 frater
373 3862 447 3950 ejus
461 3864 702 3928 concesserunt
715 3861 784 3928 Deo
808 3863 841 3927 et
860 3860 1071 3946 Piperacensi
1091 3860 1231 3927 ecclesie
1250 3865 1352 3947 atque

130 3968 290 4036 canochis
308 3968 524 4056 presentibus
542 3967 706 4035 etfutnris
718 3965 845 4033 ibidem
859 3967 927 4033 Deo
945 3966 1170 4033 servientibus
1190 3965 1349 4055 quicquid

126 4074 221 4163 juste
236 4076 290 4142 vel
308 4075 433 4163 injuste
447 4074 489 4141 ab
505 4075 553 4142 eis
570 4073 886 4141 calumniabaturin
902 4072 1031 4140 decimo
1046 4071 1089 4141 de
1108 4072 1298 4139 Nabinariis
1319 4077 1352 4140 et

131 4183 167 4249 in
186 4183 304 4249 ceteris
319 4183 416 4248 terris
434 4181 584 4270 predicte
602 4180 681 4248 ville
695 4178 942 4268 pertinentibus
962 4186 994 4246 et
1006 4180 1042 4246 in
1054 4179 1194 4247 ecclesia
1210 4178 1253 4246 de
1281 4180 1351 4245 Au-

131 4293 185 4376 rpt
199 4290 281 4384 etin
295 4309 416 4357 manso
431 4289 473 4356 de
492 4291 594 4356 durat
609 4291 642 4355 et
668 4288 703 4354 in
726 4286 953 4376 Salqueduno
973 4286 1042 4354 Hoc
1060 4305 1261 4354 concessum
1285 4284 1353 4352 fac-

163 4573 198 4642 (l)
213 4573 261 4626 Cet
275 4573 369 4627 article
383 4580 423 4626 est
435 4573 461 4624 la
478 4572 618 4639 repetition
634 4563 747 4625 dccclvi
762 4572 808 4638 qui
825 4576 864 4624 ost
877 4584 940 4624 sous
955 4571 978 4624 le
992 4571 1103 4622 numero
1115 4571 1163 4622 Xl.
