3442 5642
555 579 735 624 rnnaumnu
758 577 960 622 rrrnnauuusn
1216 589 1224 602 ·
1331 557 1365 616 31

135 818 187 912 *de
199 819 333 901 vicaria,
353 838 454 906 quem
478 819 659 886 canonichi
676 818 846 885 habebant
861 817 896 883 in
915 815 1109 884 vadimonio
1130 835 1190 903 pro
1212 815 1272 881 XX
1287 815 1369 882 soii-

1 966 2 983 t
140 925 210 992 dis.
239 926 278 992 Et
301 930 409 993 totum
437 926 528 1013 quod
552 925 729 1003 canonichi
755 923 925 992 habebant
948 922 990 990 de
1023 923 1080 990 ilio
1109 922 1143 988 in
1173 919 1368 990 vadimonio

141 1031 296 1100 laudavit
315 1037 348 1100 et
366 1033 532 1100 concessit
552 1032 587 1098 in
605 1036 822 1120 perpetuum.

726 1502 792 1569 XL.

634 1681 886 1748 Bnussnnenon.

196 1904 358 1994 Quicquid
389 1905 576 1994 posteritati
599 1907 716 1970 nostre
742 1907 860 1968 notum
886 1900 1171 1969 facerevolumus
1191 1903 1314 1992 scripto
1340 1911 1373 1973 et

143 2015 271 2081 litteris
286 2012 449 2079 memoria
468 2009 760 2078 commendamus.
786 2009 926 2074 Prosens
947 2008 1049 2094 igitur
1064 2012 1228 2096 scriptum
1249 2011 1374 2078 confir-

144 2125 223 2186 mat
246 2118 336 2206 quod
351 2138 413 2206 ego
429 2115 641 2184 Raimundus
658 2113 701 2182 de
719 2115 851 2202 Solatge
873 2135 934 2203 pro
964 2115 1071 2181 salute
1102 2116 1216 2184 anime
1245 2136 1320 2184 mee
1342 2124 1375 2184 et

146 2229 333 2314 parentum
362 2244 520 2292 meorum
552 2221 643 2290 dono
674 2226 706 2289 et
734 2218 883 2289 concedo
919 2227 952 2288 et
979 2219 1074 2288 trado
1102 2225 1137 2287 in
1173 2226 1374 2310 perpetuum

148 2330 403 2421 possidendum
419 2332 489 2398 Deo
509 2333 542 2397 et
555 2329 651 2397 beate
668 2327 769 2395 Marie
796 2331 828 2394 et
858 2313 1070 2415 Piperacensi
1094 2328 1234 2396 ecclesie
1252 2329 1375 2416 atejus

147 2437 374 2505 servitoribus
391 2443 460 2504 tam
476 2437 598 2504 futuris
614 2455 717 2523 quam
731 2434 949 2523 presentibus
964 2438 998 2502 et
1012 2434 1151 2502 ecclesie
1161 2435 1270 2502 Sancti
1288 2436 1375 2502 Petri

148 2543 196 2611 de
218 2543 392 2631 Boissogol
416 2549 448 2611 et
467 2542 663 2610 canonichis
680 2540 807 2608 ibidem
828 2541 1050 2608 existentibus
1065 2540 1224 2631 quicquid
1238 2541 1374 2630 possedi

147 2653 188 2720 in
217 2656 287 2718 tota
305 2650 392 2718 valle
421 2649 463 2718 de
494 2649 641 2738 Cogolet.
664 2649 703 2714 Et
737 2648 799 2715 filii
822 2647 1005 2734 supradicti
1029 2646 1208 2714 Raimundi
1241 2649 1312 2735 Ugo
1342 2653 1375 2714 et

149 2759 287 2826 Mareho
303 2765 335 2824 et
346 2757 556 2825 Bertrandus
569 2755 692 2825 eodem
707 2754 810 2822 modo
824 2753 983 2843 quicquid
998 2755 1070 2844 ipse
1085 2754 1239 2822 concedit
1254 2753 1375 2823 damus

150 2870 186 2934 et
201 2863 420 2932 concedimus
441 2865 508 2931 Deo
524 2867 557 2930 et
573 2861 730 2952 predictis
746 2863 907 2930 ecclesiis.

728 3334 807 3406 XLI.

201 3608 303 3676 Breve
332 3607 374 3674 de
394 3590 586 3673 vadimonio
610 3602 701 3692 quod
726 3603 818 3672 dedit
846 3602 1009 3672 Geraldus
1032 3605 1063 3672 S.
1087 3604 1204 3674 Pontio
1226 3607 1376 3696 Piperaci

154 3715 296 3783 ecclesie
318 3713 440 3792 abbati,
466 3711 623 3780 videlicet
641 3731 801 3798 campum
825 3713 883 3800 qui
902 3699 1022 3780 dicitur
1041 3713 1227 3781 Malamifor
1247 3721 1282 3783 et
1310 3736 1376 3804 que

155 3819 239 3910 (sic)
255 3820 377 3888 dicitur
401 3819 532 3886 Perario
548 3822 582 3885 et
604 3818 674 3885 ‘hoc
692 3819 749 3884 tali
783 3820 1019 3887 convenientia
1045 3825 1080 3887 ut
1098 3820 1248 3908 prefatus
1273 3823 1377 3890 abbas

155 3927 315 3995 attribuat
341 3926 404 3994 sibi
432 3925 475 3991 III
501 3923 657 3992 marchas
689 3926 829 4012 argenti.
867 3925 961 3993 Istud
1000 3927 1232 3995 vadimonium
1268 3933 1380 4016 potest

155 4033 322 4102 redimere
346 4031 509 4100 Geraldus
521 4035 579 4098 aut
607 4032 893 4119 sororveInepos
919 4053 1028 4114 suus;
1058 4033 1143 4100 nulli
1172 4037 1286 4101 autem
1321 4033 1378 4101 alii

154 4161 356 4208 concessum
372 4143 423 4208 est
437 4137 615 4206 redimere.
638 4137 764 4208 Tamen
780 4143 855 4206 octo
868 4138 940 4207 dies
955 4144 1034 4208 ante
1049 4140 1266 4208 festivitatem
1282 4141 1380 4210 beate

156 4247 257 4314 Marie
272 4247 427 4315 febroarii
443 4245 640 4324 redimatur.
658 4244 728 4312 Hoc
742 4245 977 4314 vadimonium
986 4246 1080 4315 dedit
1094 4246 1258 4316 Geraidus
1269 4248 1380 4316 abbati

157 4357 193 4422 et
222 4353 361 4422 ecclesie
388 4355 423 4420 in
443 4358 627 4440 conspectu
658 4352 793 4440 capituli
824 4354 888 4435 sui,
924 4353 1083 4422 laudante
1111 4359 1145 4422 et
1173 4355 1381 4423 concedente

157 4459 328 4549 Stephano
345 4461 387 4529 de
399 4460 578 4541 Tautliam,
601 4459 666 4527 sub
687 4460 922 4529 testificatione
938 4469 971 4529 et
984 4461 1207 4529 affirmatione
1233 4462 1380 4531 militum

159 4567 321 4657 Piperaci,
339 4567 495 4638 Villelmo
511 4574 544 4637 et
566 4567 725 4636 fratribus
740 4571 823 4650 soie,
841 4574 874 4638 et
896 4569 1049 4656 Guigone
1066 4573 1099 4637 et
1118 4569 1288 4642 Rotberto.
1323 4569 1334 4588 ‘
1419 4656 1424 4672 ι
