3442 5642
366 563 405 626 80
770 575 1176 630 rnnnumuu·rrrsnlcnnsn

364 841 466 911 supra
489 823 523 891 in
543 821 700 912 predictis
723 829 974 913 procuratorem
998 824 1031 914 et
1055 823 1202 890 actorem
1225 821 1260 889 in
1279 841 1351 889 rem
1375 826 1526 890 nostram
1548 828 1583 892 et

364 927 451 998 dicte
467 930 618 1012 ecclesie,
643 931 846 1000 confitentes
871 949 933 998 nos
956 928 1036 997 inde
1059 927 1219 998 habuisse
1242 928 1262 996 a
1287 928 1384 998 vobis
1410 930 1497 998 dicto
1521 929 1583 997 do-

364 1039 457 1103 mino
480 1035 609 1104 loanne
623 1037 658 1103 in
673 1037 815 1125 pecunia
834 1039 1011 1103 numerata
1029 1034 1250 1124 quadraginta
1273 1040 1307 1104 et
1328 1037 1477 1126 quinque
1500 1037 1584 1104 soli-

288 1229 291 1234 ,
363 1139 426 1211 dos
440 1147 643 1213 turonenses
661 1143 696 1210 in
712 1142 834 1232 quibus
851 1142 1040 1231 exceptioni
1055 1141 1142 1209 dicte
1156 1143 1299 1231 pecunie
1319 1163 1390 1212 non
1404 1149 1584 1213 numerata

362 1249 461 1319 nobis
486 1271 556 1318 non
575 1248 695 1317 tradite
719 1247 871 1317 omnino·
885 1249 1123 1317 renunciantes
1144 1249 1187 1316 ad
1210 1249 1286 1318 hoc.

405 1355 475 1425 Nos
490 1353 599 1425 dictus
617 1353 808 1423 Armandns
828 1354 936 1423 dictus
956 1354 1098 1436 d’Ussel,
1116 1355 1176 1424 Dei
1192 1357 1297 1444 gratia
1322 1356 1425 1425 abbas
1443 1377 1583 1426 monas·

362 1464 437 1533 terii
465 1463 612 1552 Piperaci
635 1461 921 1530 Glaromontensis
938 1460 1102 1551 diocesis!
1120 1462 1162 1531 de
1186 1464 1359 1531 communi
1387 1464 1528 1533 consilio
1549 1469 1584 1532 et

362 1589 517 1652 assensu,
533 1566 648 1637 omnia
662 1572 696 1636 et
710 1567 842 1658 singula
861 1567 1051 1657 supradicta
1073 1573 1112 1636 ut
1130 1569 1215 1638 facta
1234 1577 1325 1652 sunt,
1349 1590 1388 1638 ea
1406 1571 1581 1652 volumus

362 1677 591 1759 concedimus,
618 1674 809 1757 laudamus,
838 1675 1078 1767 approbamus,
1099 1681 1236 1765 rataque
1265 1681 1298 1745 et
1324 1678 1421 1746 firma
1446 1698 1584 1768 semper

362 1783 564 1852 habebimus
588 1787 621 1851 et
643 1782 823 1851 habemus
852 1783 890 1850 ln
920 1783 1017 1873 cujus
1046 1783 1093 1850 rei
1117 1784 1351 1852 testimonium
1371 1805 1409 1852 ac
1432 1783 1583 1853 debitam

362 1892 556 1961 firmitatem
581 1909 644 1959 nos
673 1891 930 1980 prenominatus
953 1889 1057 1958 abbas
1075 1890 1118 1957 ad
1133 1891 1327 1958 instantiam
1352 1890 1429 1959 dicti
1457 1892 1583 1979 prioris

361 1999 480 2079 nostri,
493 1997 601 2087 sigillo
610 2001 726 2065 nostro
741 1996 1028 2087 propriofecimus
1038 2005 1211 2086 presentes
1222 1997 1350 2066 litteras
1360 1998 1579 2066 communiri.

361 2103 497 2194 Nosque
516 2105 665 2195 prefatus
685 2105 776 2194 prior
792 2103 834 2172 de
850 2103 1073 2172 Podomniaco
1093 2103 1133 2171 ad
1151 2104 1314 2193 majorem
1328 2105 1459 2172 roboris
1474 2105 1585 2170 firmi-

364 2217 469 2280 tatem
496 2213 645 2300 sigillum
670 2216 824 2280 nostrum
847 2210 1061 2300 presentibus
1080 2210 1198 2278 litteris
1222 2210 1382 2278 duximus
1405 2230 1584 2300 apponen-

362 2318 457 2388 dum.
476 2320 556 2397 Acta
574 2319 711 2387 fuerunt
729 2317 877 2408 predicta
891 2318 1004 2385 omnia
1019 2337 1085 2406 que
1103 2316 1190 2386 dicta
1209 2322 1290 2386 sunt
1308 2317 1350 2386 de
1370 2317 1467 2386 nobis
1491 2316 1583 2384 dicto

363 2430 475 2518 priore
495 2424 583 2516 apud
598 2425 711 2493 Rilhac
730 2445 819 2492 anno
844 2429 878 2492 et
895 2425 994 2492 nonis
1018 2422 1188 2513 predictis
1212 2425 1428 2513 presentibus
1453 2424 1585 2492 vocatis

362 2534 505 2603 testibus
529 2533 626 2600 Petro
655 2531 819 2612 Accarias,
843 2530 961 2599 clerico
979 2530 1206 2613 Podomniaci,
1222 2536 1254 2598 et
1278 2529 1375 2598 Petro
1400 2529 1581 2611 ChausseS,

362 2639 460 2709 Petro
478 2637 627 2718 Archiou
643 2637 772 2706 loanne
793 2639 984 2725 Queyreyra
1009 2643 1043 2705 et
1070 2636 1240 2726 Stephano
1269 2635 1429 2704 Chastier.
1448 2635 1488 2703 Et
1514 2656 1584 2725 que

364 2745 549 2815 dictasunt
567 2744 721 2813 denobis
742 2743 829 2812 dicto
846 2743 965 2812 abbate
979 2747 1053 2810 acta
1077 2748 1156 2810 sunt
1178 2744 1213 2810 in
1237 2749 1346 2812 castro
1366 2741 1584 2811 Podomniaci

362 2873 454 2923 anno
468 2850 630 2944 predicto,
645 2855 764 2940 quarto
783 2870 890 2918 nonas
901 2849 1101 2930 decembris,
1118 2850 1153 2916 in
1168 2850 1337 2940 presentia
1352 2851 1489 2918 testium
1504 2869 1584 2938 pre-

363 2959 529 3032 dictorum
547 2963 581 3028 et
598 2959 736 3027 loannis
749 2958 903 3027 Dalmatii
918 2962 952 3027 et
971 2957 1057 3025 Petri
1077 2955 1193 3024 Obrier
1209 2960 1243 3025 et
1254 2956 1403 3046 plurium
1421 2955 1582 3026 aliorum.

887 3160 993 3213 Extrait
1004 3160 1067 3210 d'un
1084 3158 1202 3211 vidimus
1220 3159 1319 3210 delivre
1333 3172 1382 3225 pur
1392 3157 1471 3210 noble
1488 3157 1582 3210 Pierre

917 3241 948 3293 dc
970 3238 1129 3305 Vcrperiuce
1146 3239 1287 3300 chevalier,
1310 3238 1389 3304 bayle
1412 3239 1449 3290 du
1466 3239 1584 3290 vicomte

917 3322 950 3372 de
972 3321 1109 3384 polignet,
1132 3319 1162 3372 in
1184 3320 1294 3388 publico
1317 3318 1473 3372 consistorio
1497 3319 1585 3372 curiae

917 3401 1114 3453 vicecomitatus
1139 3399 1322 3459 Podomniaci.
1339 3406 1366 3450 et
1387 3398 1499 3464 expedit
1513 3399 1585 3450 Arri-

915 3481 961 3546 rii,
974 3481 1005 3533 in
1020 3481 1085 3532 nuta
1097 3479 1258 3532 vicecomitis
1268 3477 1452 3538 Podomniaci,
1464 3492 1498 3530 en
1513 3477 1584 3543 1380,

917 3563 941 3614 le
964 3562 1040 3627 jeudi
1064 3562 1095 3613 20
1110 3561 1186 3626 avril,
1206 3574 1239 3611 en
1257 3561 1384 3626 presence
1404 3560 1437 3610 de
1459 3558 1586 3625 puissont

918 3643 1043 3707 seigneur
1056 3641 1185 3703 Armand,
1197 3641 1312 3692 vicomte
1332 3641 1365 3691 de
1379 3639 1514 3704 Polignac,
1531 3639 1584 3689 ba-

918 3736 966 3774 ron
978 3722 1010 3774 de
1022 3722 1146 3786 Solignac
1159 3725 1186 3774 et
1201 3721 1233 3772 de
1249 3721 1371 3779 Randon,
1388 3718 1530 3778 chevalier,
1548 3718 1584 3769 do

920 3802 1022 3855 Girnud
1039 3802 1133 3854 Salerii
1158 3807 1185 3853 et
1209 3802 1242 3853 de
1258 3801 1409 3853 Guillaume
1433 3799 1582 3861 Chabrerii,

918 3883 1062 3936 chanoines
1073 3883 1106 3934 de
1121 3882 1204 3933 N.—D.
1217 3883 1253 3931 du
1269 3883 1335 3946 Puy,
1347 3881 1380 3930 de
1396 3879 1491 3929 mettre
1501 3877 1581 3928 Guil-

917 3963 1005 4014 laume
1014 3961 1301 4021 ‹l'lssartelbachelier
1313 3960 1421 4019 ez-loix,
1432 3959 1464 4010 de
1474 3958 1584 4010 Dulmas

919 4043 1028 4109 Olivier,
1059 4043 1221 4104 damoiseuu‚
1251 4041 1369 4092 d'Andre
1397 4041 1430 4090 de
1452 4040 1580 4100 Bonucio,

918 4125 1061 4190 bourgeois
1074 4125 1109 4174 du
1124 4124 1188 4187 Puy.
1205 4151 1234 4160 -
1251 4124 1317 4173 Acte
1333 4135 1396 4186 rapu
1416 4133 1464 4186 pur
1490 4120 1583 4170 Pierra

919 4206 1002 4258 Olerii
1015 4205 1048 4256 de
1065 4203 1183 4268 Alegrio,
1199 4188 1302 4256 n'otaire
1327 4203 1359 4254 de
1379 4200 1404 4251 la
1419 4200 1533 4252 vicomte
1549 4199 1584 4251 de

922 4282 1059 4352 Pelignac.

1074 4363 1192 4428 (Eutroit
1208 4362 1274 4417 d'un
1287 4363 1393 4429 fartum
1409 4360 1441 4414 dr
1457 4359 1551 4416 1676.)

370 4557 1579 4598 ΝΜ

560 4639 592 4678 ΙιΕ
609 4638 667 4677 PUY.
685 4650 715 4661 -
731 4633 883 4674 turpilium
899 4633 966 4672 1.·1.
983 4631 1120 4678 rusiorum,
1138 4629 1218 4666 result
1235 4627 1270 4667 DU
1286 4625 1385 4666 erasmi..
