3442 5642
492 625 673 672 Titnnnmun
695 623 899 671 Plpsnncmrsn

132 2311 360 2378 Gourosrrron
388 2289 499 2378 unum
524 2327 566 2377 m
601 2328 726 2376 rnmun
756 2301 798 2374 m
829 2327 871 2374 nn
905 2287 993 2374 conii
1019 2327 1062 2374 on
1095 2302 1262 2375 Ponromo

362 2435 410 2486 Au
434 2436 531 2486 suurr
556 2436 600 2484 nr.
623 2435 664 2483 m
692 2407 838 2502 miuron
865 2433 1031 2481 cononun.

657 2739 741 2822 1315
779 2745 782 2753 '

319 2915 479 2983 Vendredi
507 2917 602 3001 apres
632 2917 667 2982 lo
694 2915 757 2999 sote
781 2919 821 2982 do
839 2876 952 2982 'seinte
976 2893 1085 2982 Lucio.

133 3108 297 3180 Noverint
323 3110 488 3180 universi.
503 3160 533 3178 ..
566 3111 654 3178 hanc
676 3114 870 3199 presentem
901 3113 1035 3186 cartem,
1058 3107 1302 3198 inspecturi...

90 3215 183 3306 quod
200 3235 290 3285 anno
314 3217 449 3285 Domini
470 3217 651 3284 millesimo
672 3215 757 3283 000.
779 3216 898 3304 quinto
929 3213 1072 3296 decime,
1100 3215 1154 3283 die
1175 3215 1310 3283 veneris

90 3328 168 3412 post
185 3323 312 3392 fesium
326 3322 423 3392 beate
444 3323 544 3392 Lucie
562 3323 719 3412 virgime.
734 3374 740 3388 .
756 3374 781 3404 .,
808 3321 995 3391 Ludovico.
1010 3373 1039 3388 ..
1063 3328 1242 3410 regnante.
1256 3370 1265 3390 .
1280 3372 1306 3403 .‚

91 3429 304 3499 Bernardo...
320 3419 715 3520 Aniciensiepiscopo...,
736 3450 814 3498 cum
833 3430 979 3518 questio,
995 3429 1227 3497 controversia
1244 3447 1307 3495 seu

90 3556 241 3606 rancuna
257 3543 484 3624 verteretur„
506 3538 635 3606 inter...
659 3536 856 3624 religiosum
882 3535 994 3604 virum
1023 3534 1203 3603 dominum
1221 3535 1309 3624 Roy-

91 3643 234 3713 naldum
249 3643 428 3712 d'Aibusso
448 3644 596 3734 priorem
619 3643 786 3733 prioratus
816 3641 1053 3730 Pedempniaci
1077 3640 1308 3730 Piperoconsis
1404 3643 1407 3650 '

91 3750 221 3818 ordinis
238 3771 280 3819 ox
299 3771 368 3819 una
390 3755 485 3839 parte
511 3754 544 3818 et
563 3749 742 3818 dominum
764 3749 981 3817 Lambertum
1000 3747 1043 3816 de
1061 3747 1181 3816 Sancto
1202 3748 1308 3815 Ponte

91 3861 247 3925 curatum
266 3859 299 3925 et
317 3857 552 3947 cappellanum
566 3857 715 3926 ecciesiae
734 3857 840 3924 suncti
855 3854 986 3922 Martini
1001 3853 1044 3921 de
1063 3853 1310 3942 Podempniaco

92 3962 247 4050 ejusdem
267 3961 396 4052 ordinis¹
413 3983 453 4032 ex
472 3949 565 4051 parte
589 3962 693 4030 altera
728 3981 830 4050 super
857 3959 1073 4050 perceptione
1100 3958 1311 4048 cepuilarum

92 4067 370 4158 baptisandorum
391 4074 424 4138 et
445 4089 547 4158 super
561 4071 777 4158 perceptione
802 4067 904 4136 unius
926 4065 1057 4135 denarii
1084 4065 1259 4155 podiensis
1276 4065 1312 4134 in

93 4173 238 4264 dieque
266 4178 447 4245 occurrerit
478 4195 647 4264 puerpera
674 4174 716 4242 ud
736 4175 877 4242 missam
905 4171 1109 4256 audiendam
1143 4178 1176 4241 et
1209 4174 1311 4263 super

94 4286 255 4370 pontione
268 4284 394 4373 vigenti
408 4283 557 4372 quinque
570 4280 758 4351 solidorum
777 4281 1015 4350 turonensium
1043 4284 1076 4349 et
1100 4280 1171 4348 CCC
1195 4281 1310 4349 ovium

92 4383 284 4458 dandorum
296 4393 331 4458 et
349 4387 592 4458 solvendorum
607 4410 667 4478 per
681 4383 809 4457 dictum
823 4392 977 4456 curetum
996 4387 1147 4476 predicto
1167 4386 1307 4456 domino

95 4497 198 4584 priori
220 4497 255 4563 in
280 4495 405 4586 pascha
419 4502 452 4566 et
471 4516 574 4585 super
596 4496 743 4566 denariis
763 4497 1014 4586 sponsaliorum
1039 4499 1073 4564 et
1091 4515 1194 4584 super
1220 4495 1313 4564 ohla-

95 4601 246 4672 tionibus
272 4623 338 4694 que
362 4602 548 4673 obveniunt
566 4601 663 4676 dicier
687 4603 835 4674 ecclesiae
853 4603 888 4670 in
907 4621 995 4694 pone
1009 4606 1043 4671 et
1057 4601 1136 4686 vino
1152 4619 1219 4692 que
1242 4601 1316 4699 dis-¹
