3442 5642
755 535 936 580 renuardum
958 535 1160 579 I‘IPERACIINSE

887 1199 1026 1266 LXXVI.

391 1459 489 1527 Anno
504 1460 633 1527 domini
648 1460 693 1524 Μ0
708 1459 770 1525 (1ὒο
790 1459 815 1524 L
834 1458 990 1546 septimo.
1007 1460 1222 1526 —Nonerint
1237 1479 1377 1547 presens
1404 1460 1573 1547 scriptum

346 1566 529 1653 inspecturi
538 1565 828 1653 quodllernardus
839 1566 1067 1652 Piperacensrs
1077 1566 1175 1632 miles
1185 1566 1219 1630 in
1230 1566 1426 1631 infirmilate
1437 1567 1573 1653 positus

237 1746 244 1755 ‚
349 1677 462 1738 tamen
490 1673 524 1738 iu
554 1692 616 1739 sna
639 1673 728 1738 bona
749 1673 913 1738 mamona
938 1670 1076 1738 donavit
1096 1671 1261 1760 etleganit
1278 1673 1348 1758 (pro
1365 1671 1484 1758 salute)
1505 1693 1572 1739 sua

304 1819 305 1822 =
348 1777 619 1865 piarentumtque)
637 1797 778 1844 suorum
793 1777 822 1844 V
837 1776 963 1844 solidos
978 1777 1155 1844 censuales
1184 1785 1216 1844 et
1235 1777 1248 1844 I
1268 1782 1440 1844 cartonem
1459 1797 1570 1845 avene

347 1883 382 1949 in
408 1882 509 1949 domo
539 1888 572 1950 et
599 1887 672 1950 orto
694 1888 727 1950 et
739 1883 837 1950 vinea
851 1881 1067 1950 Bartolomei.
1084 1933 1090 1942 .
1106 1935 1134 1948 ..
1157 1887 1190 1950 et
1204 1884 1232 1948 II
1247 1883 1373 1950 solidos
1388 1884 1569 1952 censuales

345 1992 380 2057 iu
403 1996 499 2078 prato
518 1997 558 2058 de
575 1995 608 2056 lo
625 1994 745 2058 Gouola
758 1999 827 2079 ¹pro
847 1991 993 2079 quodam
1020 1991 1166 2058 annuale
1186 1992 1376 2058 animarum
1398 1991 1565 2058 faciende.

347 2097 501 2184 Testihus
528 2096 570 2164 ad
588 2098 653 2164 hoc
672 2097 799 2164 vocatIs
818 2101 850 2163 et
873 2099 996 2184 rogatis
1020 2097 1199 2164 duillelmo
1221 2096 1263 2163 de
1289 2098 1445 2185 Piperaco
1464 2097 1569 2166 fratre

346 2224 422 2284 sne,
445 2205 501 2272 W.
526 2203 568 2272 de
596 2201 783 2270 Bornoncle
809 2203 992 2291 capellano,
1016 2203 1160 2292 Hugonc
1184 2202 1381 2270 Guischardi
1403 2208 1436 2269 et
1462 2223 1568 2270 uxore

346 2330 407 2376 sua
424 2311 598 2391 aremare,
620 2309 730 2376 Aalaiz
756 2313 788 2376 et
803 2309 974 2376 Armanda
999 2310 1068 2376 filia
1091 2309 1177 2397 ejus,
1197 2309 1365 2376 Bernardo
1381 2309 1509 2396 Mamy,
1533 2315 1569 2378 et

344 2417 402 2483 W⁰
420 2415 490 2481 tilio
510 2415 584 2503 ejus
607 2421 640 2482 et
663 2433 769 2480 uxore
791 2435 863 2495 sua,
890 2414 1028 2482 domina
1042 2416 1133 2482 Aelis
1158 2417 1229 2482 filla
1243 2415 1321 2483 dicti
1344 2412 1515 2495 Bernardi‚
1533 2419 1568 2482 et

344 2522 402 2589 W⁰
430 2520 579 2587 Alairani
602 2519 720 2599 milite,
746 2519 804 2586 W⁰
829 2520 956 2608 Maury,
982 2513 1117 2589 Giberto
1143 2520 1186 2589 de
1211 2520 1347 2602 Predas,
1371 2519 1565 2602 dominelle,

345 2623 509 2713 rlnglada
531 2624 747 2707 Laurencius‚
775 2625 807 2693 S.
826 2646 932 2693 uxore
950 2627 1112 2694 Iohannis
1133 2627 1175 2694 de
1194 2627 1313 2694 Flaiao.
1334 2629 1455 2694 Actum
1475 2645 1566 2694 anno

343 2736 381 2798 ut
400 2752 513 2819 supra,
532 2751 650 2799 mense
669 2732 777 2820 aprili,
795 2735 830 2798 in
847 2752 979 2800 camera
994 2753 1056 2800 sua
1075 2735 1241 2822 superiori
1257 2753 1359 2821 super
1373 2738 1517 2822 portam.

889 3175 1040 3242 LXXVII.

387 3441 487 3517 Anno
504 3441 546 3508 ab
567 3440 798 3508 iucarnatione
812 3440 946 3510 Domini
965 3440 1010 3505 Μ0
1030 3440 1066 3505 0⁰
1085 3441 1197 3523 XLII⁰‚
1219 3441 1429 3509 Humbertus
1449 3445 1565 3510 sancte

342 3548 530 3615 Aniciensis
550 3545 691 3622 ecclesie
707 3546 884 3634 episcopus
910 3549 945 3612 in
958 3547 1102 3634 capilulo
1124 3546 1305 3627 Aniciensi,
1323 3549 1565 3615 canonicorum

343 3654 572 3721 aniciensium
594 3656 764 3719 conventu
785 3652 945 3738 presenti,
968 3652 1142 3719 ecclesiam
1158 3653 1263 3738 seneli
1280 3653 1411 3720 Martmi
1431 3653 1465 3719 in
1491 3673 1563 3720 cas-

344 3766 393 3829 tro
423 3758 702 3827 Podomniacensi
729 3759 828 3826 silam
853 3779 930 3826 cum
953 3759 1110 3826 omnibus
1146 3747 1330 3827 redditibus
1352 3760 1563 3828 suis‘dona-
1618 3829 1622 3833 ,

343 3871 390 3934 rit
408 3863 633 3934 lausserando
656 3864 766 3932 abbati
793 3865 941 3972 Piperaci
970 3865 1196 3968 fratribusque
1224 3865 1268 3932 ibi
1298 3865 1498 3954 degentibus
1529 3871 1563 3934 ot

344 3973 532 4062 specialiter
554 3971 714 4039 fratribus
744 3972 778 4038 in
801 3971 950 4059 predicto
974 3977 1082 4038 castro
1112 3971 1327 4043 manentibus
1347 3977 1383 4038 ut
1412 3971 1561 4059 predicte

239 4075 242 4080 ’
343 4079 482 4147 ecclesie
509 4079 607 4145 bonis
633 4077 814 4145 sustentati·
833 4077 979 4144 ethonis
994 4077 1152 4164 operibus
1169 4077 1325 4145 insistere
1349 4082 1382 4144 et
1406 4081 1562 4166 omnIpo-

344 4184 445 4251 tentis
464 4184 523 4250 Dei
543 4185 678 4251 seruitio
694 4184 829 4251 ualeant
848 4203 984 4271 operam
1004 4180 1095 4249 dare.
1117 4183 1214 4250 Facta
1229 4189 1344 4250 autem
1373 4184 1434 4250 hac
1455 4183 1561 4250 dona-

342 4291 433 4358 tione
461 4294 719 4379 prenominatus
748 4290 851 4358 ahbas
883 4288 1068 4379 predictam
1088 4290 1194 4356 sancti
1223 4289 1354 4356 Martini
1384 4290 1561 4357 ecclesiam

341 4396 481 4464 Beraldo
511 4396 700 4465 Caldaracio
724 4397 913 4470 dumesset
937 4400 972 4463 in
996 4397 1061 4464 hoc
1083 4397 1198 4464 seculo
1214 4396 1248 4463 in
1265 4395 1409 4464 clericali
1441 4394 1561 4464 ordine

342 4503 523 4574 constituto
550 4503 673 4575 habere
701 4503 868 4573 concessit
897 4523 936 4571 ea
972 4504 1046 4591 lege
1072 4507 1109 4570 ut
1140 4523 1217 4574 curn
1248 4502 1409 4574 Beraldus
1433 4503 1475 4571 ab
1494 4502 1559 4586 hoc
