3442 5642
556 586 738 630 rennueruu
759 586 963 632 Prrnuacnusn
1049 613 1050 617 ,
1329 572 1366 630 27

146 687 521 700 Μ

141 832 270 919 injuste
280 832 339 899 diu
350 829 547 918 possederat
563 831 618 898 vel
636 830 738 919 aliqui
753 831 840 898 infra
855 830 1010 897 eamdem
1026 829 1237 917 parrochiam
1253 831 1294 898 ab
1309 832 1368 899 illo
1394 885 1400 890 .

140 939 318 1018 tenebant,
334 938 471 1006 donavit
485 938 552 1005 Deo
568 942 601 1006 et
615 937 712 1005 beate
725 937 838 1016 Marie,
856 937 1041 1025 Pontioque
1056 937 1166 1004 abbati
1183 938 1369 1028 ceterisque

141 1045 371 1112 confratribus
394 1065 455 1131 pro
479 1065 542 1111 sua
566 1065 776 1133 suorumque
795 1044 903 1112 salute
933 1064 1012 1111 eum
1040 1043 1181 1111 concilio
1211 1045 1369 1113 Aimerici

142 1153 376 1235 Arvernorum,
388 1151 535 1239 episcopi
547 1156 580 1218 et
594 1156 704 1218 totum
714 1149 806 1239 quod
818 1150 964 1218 habebat
979 1151 1013 1216 in
1029 1171 1148 1218 manso
1164 1149 1206 1218 de
1223 1151 1367 1232 GaniIIO,

144 1279 223 1325 cum
247 1258 485 1325 testificatione
504 1260 537 1325 et
561 1257 784 1325 affirmatione
809 1257 962 1346 conjugis
991 1271 1051 1324 000
1075 1277 1114 1324 00
1139 1257 1301 1325 filiorum.
1331 1259 1371 1325 Et

142 1365 355 1453 propterhoc
367 1365 470 1432 abbas
481 1364 694 1452 supradictus
706 1369 738 1432 et
749 1365 1035 1432 cetericanonichi
1045 1365 1195 1453 Piperaci
1204 1364 1371 1432 dederunt

141 1472 175 1538 ei
196 1471 415 1544 medietatem
433 1473 544 1539 mansi
559 1475 650 1538 detto
675 1473 772 1538 Costa
791 1464 891 1539 et'Ilas
913 1457 1135 1560 appenderias
1150 1493 1172 1536 c
1186 1475 1318 1538 Sorltcc
1338 1473 1371 1536 et

142 1581 221 1644 olto
242 1580 401 1646 Voreucl
427 1580 606 1648 sestarium
626 1578 669 1646 de
687 1599 794 1646 auena
815 1583 849 1648 00
864 1580 876 1645 I
894 1599 1020 1668 agnum
1038 1584 1071 1647 00
1091 1591 1157 1645 terr
1181 1581 1287 1644 deltos
1308 1571 1371 1643 000-

140 1689 317 1751 mtrctttor
339 1687 400 1754 etl
418 1685 656 1774 appenderiam
678 1708 699 1752 0
726 1687 864 1779 lacsVet
887 1684 1051 1754 ducentos
1076 1685 1221 1752 LXXXX
1244 1682 1371 1751 solidos

140 1791 425 1880 melgoriensium
446 1797 585 1860 monete
600 1797 634 1859 et
660 1792 672 1858 Ι
697 1792 836 1859 mulam.
859 1794 930 1860 Hoc
948 1791 1079 1860 donum
1096 1791 1161 1859 fuit
1189 1791 1315 1859 factum
1335 1791 1371 1856 in

140 1899 322 1987 presencia
338 1884 559 1987 Stephanioe
573 1898 699 1966 Vitiaco
715 1905 747 1966 et
765 1900 839 1986 ipse
868 1897 1017 1965 laudavit
1046 1919 1123 1966 cum
1148 1898 1219 1965 filio
1247 1916 1309 1964 suo
1331 1897 1369 1963 D.

141 2005 261 2072 Testes
278 2011 358 2073 sunt
377 2007 543 2094 Seguinus
557 2011 649 2095 prlor
668 2011 701 2074 et
718 2006 896 2074 Villelmus
914 2011 951 2072 00
965 2003 1157 2071 Bernardus
1172 2002 1370 2092 capellanus

141 2117 181 2179 et
198 2111 254 2179 W.
274 2112 380 2180 Cardo
400 2119 433 2182 00
452 2112 613 2182 Beraldus
639 2112 745 2181 Gurdo
766 2117 799 2181 ct
825 2112 920 2180 Odilo
944 2111 1084 2179 Gobiani
1108 2115 1141 2178 et
1156 2105 1371 2178 Bermundos

142 2218 189 2285 de
208 2218 342 2286 Charais
357 2224 391 2287 et
404 2221 442 2287 G.
464 2219 506 2286 de
521 2221 690 2308 Piperaco,
712 2225 744 2288 00
759 2221 860 2288 reteri
870 2240 974 2309 quam
985 2219 1111 2307 plures.
1124 2219 1223 2286 Facta
1234 2223 1325 2284 carta
1336 2215 1372 2281 in
1472 2212 1475 2218 '

141 2343 266 2392 mense
281 2327 448 2414 januario
467 2347 558 2394 anno
582 2328 623 2394 ab
642 2327 873 2395 incarnatione
898 2326 1030 2393 Domini
1054 2325 1096 2392 M.
1124 2325 1172 2391 0⁰.
1201 2323 1371 2390 tricesimo

144 2432 241 2498 Illl¹⁰.

700 2745 829 2811 nunu.
858 2823 859 2826 Ν

195 2931 320 2998 Notum
344 2930 387 2996 sit
410 2929 568 2998 omnibus
593 2936 662 2998 tarn
690 2931 906 3019 presentibus
936 2950 1039 3018 quam
1064 2928 1185 2996 foturis
1215 2929 1374 3016 quatinus

148 3034 321 3104 Bernarda
347 3035 390 3104 de
418 3036 553 3104 Charais
578 3041 611 3104 et
635 3037 695 3104 filii
715 3038 789 3126 ejus
813 3037 953 3104 Pontius
983 3036 1119 3116 scilicet,
1149 3035 1317 3122 Ugbertus
1337 3055 1375 3101 00

150 3145 279 3212 Franco
298 3148 433 3211 vineam
458 3143 501 3212 de
519 3149 602 3211 Prot
626 3150 726 3211 Breco
751 3164 817 3232 que
836 3143 979 3212 Clausus
1002 3147 1141 3211 vocatur
1165 3147 1198 3210 et
1216 3162 1375 3232 campum

151 3250 354 3318 continuum
369 3255 402 3318 et
415 3251 505 3318 viam
523 3270 590 3340 que
612 3249 758 3340 desuper
777 3251 895 3319 iminet
911 3251 1080 3319 dederunt
1097 3269 1238 3338 prorsus
1257 3251 1326 3348 Deo
1342 3253 1376 3315 et

151 3357 291 3424 ecclesie
316 3357 413 3425 beate
437 3359 538 3426 Maria
562 3359 774 3448 Piperacensi
801 3379 862 3448 pro
891 3379 952 3426 sua
980 3377 1190 3446 suorumque
1213 3356 1320 3424 salute
1339 3355 1375 3421 in

152 3455 258 3530 manu
297 3464 409 3531 Poncii
449 3464 565 3532 domni
603 3465 745 3545 abbatis,
777 3472 935 3554 presente
970 3465 1108 3554 SIguino
1136 3464 1246 3552 priore
1274 3467 1374 3550 atque

152 3568 295 3637 Odilone
306 3572 536 3640 eorumfratre
547 3571 604 3645 tali
616 3571 770 3640 videlicet
783 3577 879 3660 pacto
892 3577 930 3639 ut
945 3571 1089 3660 astorgii
1105 3569 1375 3638 anniversarium

151 3695 289 3764 semper
303 3677 536 3765 sollempniter
555 3678 775 3751 celebrarent.
793 3679 909 3747 Testes
923 3683 1038 3746 autem
1058 3677 1203 3744 suntW.
1217 3675 1375 3743 Lausfres

151 3787 187 3852 et
206 3784 242 3851 P.
264 3784 455 3872 Engalbert,
479 3786 658 3854 Rotbertus
677 3807 714 3854 00
734 3787 873 3855 Pontius
893 3787 935 3856 de
955 3786 1115 3853 Gbambo.

632 4171 635 4177 ’
691 4177 835 4243 XXXIII.

198 4359 390 4428 Secundum
410 4361 604 4428 chanonum
623 4362 778 4429 instituta
799 4366 899 4451 atque
916 4361 1030 4449 legum
1047 4365 1236 4449 priscorum
1262 4363 1377 4427 aucto-

150 4468 287 4535 ritatem
302 4468 446 4555 quisque
462 4468 609 4536 liberum
622 4469 724 4536 habet
746 4469 922 4536 arbitrium
942 4489 983 4536 ex
1002 4468 1138 4556 proprio
1162 4469 1293 4535 honore
1313 4486 1375 4534 000

152 4572 293 4645 cuilibet
309 4574 502 4676 attribuere.
520 4575 590 4652 Quo
606 4575 661 4644 W⁵
673 4577 900 4646 Tauliaccnsis
913 4576 1107 4648 auctoritate
1125 4575 1242 4655 fultus,
1265 4574 1376 4642 immi-
1506 4637 1509 4642 ,
1635 4559 1638 4568 ’
