3442 5642
528 609 710 654 rannunruu
732 611 935 655 rrrunncausa
968 659 976 672 ,
1302 595 1335 656 21

104 854 280 938 regnante
304 851 434 940 Philipo
452 871 530 940 rege
548 853 768 920 Francorum.
795 852 949 920 Elatiam
967 851 1180 920 donaverunt
1199 853 1338 920 ecclesie

103 955 235 1024 Petrus
260 959 450 1047 Rostagnus
477 964 509 1027 et
537 960 598 1026 filii
623 959 696 1048 ejus
726 964 804 1027 ante
831 960 934 1028 altare
963 965 1041 1048 post
1070 959 1335 1040 Sacramentum,

103 1065 331 1149 presentibus
366 1066 432 1132 illis
462 1068 520 1154 qui
553 1067 806 1135 Sacramentum
840 1066 1032 1147 audierunt,
1063 1065 1231 1154 quicquid,
1258 1067 1337 1135 (lare

101 1170 283 1238 voluerint
300 1171 425 1241 levales
445 1193 562 1241 eorum
587 1179 624 1241 ut
646 1173 729 1241 illucl
752 1173 873 1241 habeat
896 1173 1035 1242 ecclesia
1055 1193 1115 1261 pro
1130 1173 1266 1242 allodio.
1339 1193 1345 1204 ·

689 1593 758 1658 1111.

456 1779 601 1865 (Douuu)
623 1779 743 1846 Stucrr
761 1778 934 1847 Gruvnsu.

147 2023 277 2088 Notum
294 2021 337 2087 sit
355 2021 516 2088 omnibus
547 2024 616 2088 tam
636 2020 759 2087 futuris
781 2039 884 2108 quam
911 2020 1125 2107 presentibus
1140 2019 1233 2107 quod
1247 2022 1333 2106 Ber-

98 2127 236 2195 uardus
255 2126 297 2195 de
326 2128 518 2194 Benevento
547 2131 580 2193 61
607 2127 682 2194 Eier
710 2126 908 2214 (sic)frater
946 2126 1021 2214 ejus
1040 2124 1210 2194 dederunt
1233 2126 1333 2194 beate
1439 2159 1442 2166 ·

98 2233 208 2301 llarie
223 2233 265 2300 de
283 2233 440 2320 Piperaco
456 2236 489 2300 61
510 2233 680 2300 canonicis
695 2231 852 2321 ejusdem
868 2232 932 2300 loci
948 2248 1134 2320 eorumque
1156 2252 1332 2300 successo-

98 2343 202 2408 ribus
230 2340 405 2408 ecclesiam
438 2339 548 2408 Sancti
585 2339 734 2407 Gervasii
758 2345 791 2407 et
813 2341 925 2428 ipsam
945 2338 1061 2406 villam
1095 2343 1128 2406 61
1161 2338 1327 2408 allodium
1416 2352 1419 2358 '

98 2450 209 2514 unius
235 2446 345 2513 mansi
361 2449 393 2512 et
421 2444 579 2534 quicquid
607 2447 643 2512 in
667 2466 706 2514 eo
728 2448 820 2535 juste
838 2446 894 2514 vel
910 2446 1036 2534 injuste
1055 2445 1236 2513 habebant.
1259 2447 1330 2514 Hoc

96 2559 221 2622 autem
238 2552 367 2620 donum
378 2551 531 2620 fecerunt
542 2553 685 2620 concilio
701 2553 813 2621 Poncii
827 2553 987 2641 Stephani
1015 2553 1223 2620 Rutunensis
1238 2553 1327 2641 epis-

95 2660 180 2748 copi
208 2660 383 2748 tociusquo
410 2661 603 2727 communis
627 2659 765 2728 66616616
801 2680 862 2728 666
881 2659 1016 2748 capituli
1043 2661 1106 2748 'pro
1122 2659 1236 2727 salute
1256 2664 1329 2726 ani-

96 2787 240 2834 marum
265 2787 404 2835 suarum
425 2762 559 2834 necnon
579 2771 613 2835 61
625 2771 805 2855 parentum
821 2787 976 2835 suorum.
998 2766 1113 2835 Testes
1131 2779 1212 2834 vcro
1224 2766 1329 2856 hujus

96 2872 186 2941 doni
216 2878 297 2940 suut
313 2873 420 2965 Guido
451 2876 636 2941 canonicus
658 2873 700 2941 de
719 2873 878 2961 Piperaco
896 2875 931 2940 iu
947 2874 1044 2962 cujus
1057 2893 1164 2941 manu
1187 2873 1253 2940 hoc
1267 2872 1330 2941 do-

95 3000 188 3047 num
208 2979 335 3047 factum
354 2984 406 3047 est
421 2979 645 3048 ctVillelmus
659 2979 702 3048 de
718 2979 902 3068 Lublergas
917 2985 951 3048 61
972 2979 1163 3048 Bernardus
1183 2979 1327 3067 capella-

94 3107 169 3154 nus
187 3085 231 3153 dc
250 3087 369 3154 Sancto
386 3085 634 3175 Simphorian0‚
648 3091 811 3175 regnante
824 3086 928 3154 Jeshu
942 3087 1073 3154 Christo
1088 3087 1146 3174 qui
1162 3084 1327 3174 glorificat

96 3197 255 3263 Sanctos.
319 3219 323 3226 ·

666 3549 751 3615 XXI.

532 3739 678 3826 (Donum)
700 3738 888 3806 Anrrronn.

147 3959 232 4025 Cum
243 3959 278 4026 in
292 3959 458 4027 territorio
472 3960 659 4027 Rutunensi
673 3961 812 4028 ecclesia
824 3960 935 4028 Sancti
950 3960 1082 4026 Martini
1097 3960 1140 4028 de
1152 3959 1323 4048 Altipodio

93 4085 184 4134 sevo
204 4066 486 4152 persecucionum
499 4067 633 4134 turbine
652 4071 847 4155 quateretur
866 4069 899 4133 ot
920 4067 1026 4134 ueluti
1049 4066 1144 4133 navis
1163 4065 1324 4136 fluctibus

95 4171 242 4239 marinis
261 4192 340 4240 seva
352 4173 545 4261 principum
565 4171 733 4240 tirannide
748 4161 987 4262 proceleretur‚
1000 4171 1225 4240 lacrimabiles
1241 4195 1324 4262 qua-

96 4278 264 4344 rimonias
285 4299 357 4367 pro.
382 4279 584 4346 liberaciono
613 4299 673 4346 sua
710 4279 904 4368 conspectui
937 4278 1053 4347 divino
1085 4279 1323 4346 miserabiliter

94 4384 263 4474 profudit.
285 4387 387 4476 Cujus
401 4392 480 4455 rota
498 4388 587 4456 Deus
607 4407 648 4455 ex
663 4387 730 4454 alto
748 4406 830 4454 aure
854 4387 1001 4476 benigna
1014 4387 1203 4476 percipiens
1217 4386 1323 4474 pieta-

94 4493 143 4558 tis
165 4512 225 4560 sue
253 4492 382 4561 viscera
413 4495 586 4561 continere
604 4497 639 4559 16
676 4499 851 4582 posterum
879 4494 999 4574 noluit,
1032 4492 1091 4560 sed
1116 4496 1234 4581 utpote
1263 4514 1324 4582 per

98 4597 244 4686 Moysen
263 4600 481 4673 israeliticum
510 4601 675 4694 populum
694 4601 741 4670 sic
765 4621 826 4692 per
849 4600 1011 4670 Poncium
1040 4599 1200 4689 Stephani
1228 4604 1322 4679 tanto
