3442 5642
511 593 692 643 incaenium
714 594 916 644 rlrnnecnrtsn

658 1166 770 1234 Xblll.

143 1405 275 1472 Notum
295 1407 337 1470 sit
359 1403 519 1470 omnibus
546 1408 615 1470 tam
639 1402 763 1469 futuris
790 1424 892 1492 quam
918 1404 1133 1491 presentibus
1153 1404 1245 1493 quod
1259 1405 1327 1472 ⁴lu-

101 1507 220 1574 rianda
245 1513 277 1574 et
296 1509 388 1574 filius
408 1509 481 1596 ejus
497 1507 637 1574 Pontius
652 1528 712 1595 pro
735 1509 836 1576 fratre
856 1529 919 1577 suo
931 1495 1010 1576 Bais
1022 1510 1191 1578 dederunt
1208 1512 1277 1578 Deo
1294 1517 1328 1578 et

100 1613 197 1681 beate
233 1614 334 1681 llario
354 1620 387 1681 et
404 1613 575 1680 Bernardo
609 1612 719 1682 abbati
748 1618 936 1702 ceterisque
969 1615 1141 1683 canonicis
1177 1616 1328 1704 Piperaoi

102 1725 168 1785 tam
190 1720 409 1806 presentibus
428 1739 530 1806 quarn
549 1719 672 1787 futuris
692 1720 871 1787 alodiuml
895 1721 1006 1787 mansi
1035 1719 1077 1788 ad
1094 1724 1200 1789 Orlut.
1219 1722 1328 1810 Hujus

102 1825 297 1893 donationis
325 1831 430 1893 testes
458 1831 538 1892 sunt
557 1825 595 1910 Ρ.Ι
618 1825 798 1907 lmbertus,
821 1825 1265 1907 0d110,W.Garininusot
1290 1829 1325 1895 P.

21 1927 22 1934 ’
101 1932 204 2000 frater
224 1933 310 2020 ejus,
332 1932 389 1999 W.
415 1932 606 2018 Anglarius,
630 1933 665 1999 B.
687 1932 883 2012 Matfredus
915 1934 949 2001 P.
977 1932 1020 2001 de
1041 1934 1205 2018 Petrucia,
1226 1935 1263 2002 G.
1286 1934 1328 2003 de

102 2039 226 2118 Gereis,
246 2039 332 2104 Giris
347 2037 389 2104 de
412 2038 560 2118 Chersis,
582 2040 694 2106 Paretz
710 2037 752 2106 de
768 2039 916 2107 Chersis.

690 2462 786 2529 XLV.

425 2666 568 2753 (Dorou)
597 2685 831 2733 riennucnusrs
855 2683 1012 2732 necnnsm
1064 2681 1068 2690 ·

147 2915 315 2992 Quoniam
338 2914 381 2982 ad
409 2913 597 2981 multorum
624 2913 835 2980 audiendiam
866 2933 1055 3000 congruum
1080 2895 1132 2982 est
1149 2915 1328 3002 pervenire

104 3023 249 3108 qualiter
268 3019 335 3088 ota
355 3021 479 3108 quibus
491 3019 646 3088 domnus
667 3025 782 3087 noster
802 3021 920 3087 Petrus
936 3021 971 3085 in
989 3020 1100 3108 primo
1129 3021 1328 3108 Piperacen-

105 3145 177 3192 sem
198 3128 376 3195 ecclesiam
393 3126 561 3214 habuerit,
577 3125 769 3214 quibusque
789 3108 903 3192 donis¹
917 3125 1026 3213 ipsam
1046 3125 1224 3193 ecclesiam
1238 3127 1328 3194 Deus

104 3233 146 3300 ob
166 3235 337 3323 genitricis
363 3255 423 3302 sue
443 3240 646 3302 amorem-et
667 3235 773 3302 sancti
799 3235 863 3301 viri
886 3235 1085 3322 religionem
1109 3233 1328 3322 postmodum

104 3340 273 3421 ditaverit,
292 3343 402 3410 nerei
421 3342 544 3410 veritas
572 3347 727 3430 posteros
744 3345 846 3428 queat
863 3341 979 3422 latere,
1002 3340 1191 3408 litterarum
1218 3345 1328 3407 moni-

104 3449 230 3516 mentis
246 3447 409 3519 mandare
440 3446 583 3536 provida
604 3447 847 3516 deliberatione
874 3447 1098 3515 decrevimus.
1124 3486 1169 3496 -
1192 3447 1330 3515 Noverit

38 3599 40 3603 -
105 3552 218 3642 itaque
231 3574 373 3643 presens
393 3558 464 3622 etas
479 3555 702 3641 omniumque
722 3558 879 3621 secutura
894 3553 1072 3643 posteritas
1092 3553 1172 3641 quia
1189 3552 1231 3639 (l)
1248 3573 1329 3620 cum
1424 3632 1430 3645 ι

79 3682 84 3692 ’
105 3661 257 3746 prefatus
269 3662 327 3728 Dei
343 3681 462 3729 servus
476 3659 590 3728 divina
602 3663 725 3727 virtute
741 3659 910 3727 subfultus
924 3661 1033 3726 carnis
1048 3658 1223 3732 illecebras
1237 3658 1330 3726 devi-

105 3768 191 3835 taret
212 3771 246 3834 et
260 3767 405 3855 regulari
419 3766 684 3833 clianonicorum
706 3766 789 3855 jugo
814 3764 900 3834 'colla
920 3766 1132 3833 sulunitteret
1154 3772 1192 3832 ut
1214 3763 1344 3832 divino

107 3872 212 3941 cultui
228 3872 440 3940 tantumdem
455 3876 618 3952 vaocaret,
641 3892 712 3939 non
729 3873 912 3940 simoniaca
929 3876 1025 3960 peste
1048 3872 1212 3959 pollutus,
1227 3871 1330 3959 preli-

106 3977 219 4047 batam
234 3980 360 4067 accepit
379 3979 553 4046 ecclesiam
572 3979 614 4046 ab
638 3979 712 4067 ipso
727 3979 876 4046 Duranto
900 3979 1085 4046 venerabili
1100 3980 1331 4060 Arvernorum

108 4087 267 4174 episcopo
282 4091 315 4152 et
334 4084 478 4173 Augerio
503 4084 658 4174 ejusdem
684 4086 825 4153 ecclesie
843 4085 1029 4172 capellano,
1052 4089 1085 4151 et
1103 4086 1239 4152 etiamn
1257 4084 1332 4172 qui-

107 4191 254 4261 busdam
268 4192 360 4259 laicis
376 4191 582 4280 principibus
596 4192 701 4280 quiin
716 4192 782 4258 illis
799 4191 1009 4294 temporibus
1024 4190 1117 4257 illam
1132 4191 1242 4278 ipsam
1253 4191 1331 4278 jure
1377 4229 1382 4232 -

107 4299 311 4368 hereditario
322 4299 552 4389 possidebant,
562 4297 716 4366 videlicet
727 4297 909 4384 Audigerio
924 4296 967 4365 de
982 4297 1116 4384 Tayllac
1126 4301 1159 4364 et
1172 4296 1330 4363 Villelmo

926 4415 936 4447 v

139 4587 173 4652 (l)
191 4585 235 4638 Eu
249 4583 404 4650 interligne
418 4599 423 4635 :
437 4584 516 4637 Anno
532 4580 643 4634 domiui
652 4579 774 4634 MLXll.
791 4577 918 4633 licriture
935 4579 972 4632 du
989 4589 1048 4632 rur
1064 4567 1157 4634 siecle.

1225 4698 1238 4750 3
