3442 5642
333 480 351 539 8
741 497 923 542 rnnnanruu
945 493 1148 540 rrrnnnnnusn

332 738 477 805 voluerit
504 737 538 804 in
559 736 713 805 Arverno
739 736 945 806 flamivomis
969 736 1106 824 ignibus
1131 757 1209 804 curn
1239 739 1343 804 Dutan
1371 741 1404 806 et
1430 737 1556 806 Abiron

272 897 279 906 ,
334 848 369 910 et
386 842 470 910 tuda
485 841 645 912 traditore
661 842 1034 932 demergaturpenitus.
1049 844 1113 910 leta
1128 849 1217 910 carta
1232 845 1330 911 firma
1343 850 1553 933 permaneat.

335 950 368 1017 S.
394 951 580 1018 Hermanni
604 951 813 1019 vicecomitis
836 955 896 1039 qui
919 951 1005 1017 hano
1025 955 1152 1017 cartam
1171 951 1245 1018 fieri
1275 951 1396 1038 jussit;
1419 952 1451 1019 S.
1484 954 1557 1019 Sto·

334 1058 438 1146 phuni
457 1058 531 1146 ejus
546 1058 608 1124 tilii
626 1058 815 1126 Antoiensis
829 1059 946 1147 patriae
961 1057 1110 1145 episcopi
1120 1080 1128 1138 ;
1151 1058 1380 1150 S.Vuillelmi;
1399 1059 1431 1126 S.
1448 1060 1555 1140 Petri;

334 1165 366 1236 S.
406 1163 590 1233 Hermandi
624 1163 666 1232 de
687 1166 719 1232 S.
751 1165 900 1245 Privato;
923 1165 985 1252 sig.
1015 1165 1173 1231 Durantis
1206 1165 1336 1233 abbatis
1367 1168 1458 1233 Casae
1484 1167 1555 1233 Dei.

334 1273 432 1340 Facta
455 1276 547 1358 carta
564 1273 628 1340 hec
651 1273 734 1340 feria
758 1272 816 1338 Vl*
836 1276 873 1338 in
900 1292 1019 1340 mense
1039 1271 1198 1352 octobris,
1224 1273 1305 1340 lune
1330 1275 1370 1354 le,
1393 1281 1557 1362 regnante

334 1381 489 1470 Philippo
504 1400 583 1468 rege
597 1381 815 1448 Francorum.
839 1380 947 1447 Etiam
969 1379 1174 1447 Bertrandus
1194 1381 1337 1470 scripsit.

538 1591 555 1630 a
582 1567 627 1633 La
643 1565 806 1636 donation
822 1566 1001 1655 cp-'dessus
1016 1565 1097 1640 aete
1117 1553 1256 1636 extruite
1273 1556 1331 1635 sur
1348 1574 1443 1638 autre
1462 1573 1558 1659 copie

537 1697 553 1738 <r
579 1671 725 1742 vidimee
749 1696 809 1764 par
833 1695 880 1743 un
902 1674 1080 1743 conseiller
1102 1673 1144 1743 de
1166 1674 1367 1744 Bourdeeux
1388 1698 1446 1744 sur
1468 1678 1559 1744 l'ori-

538 1805 555 1844 r
580 1782 671 1870 ginal
697 1781 819 1850 exhibe
837 1803 898 1871 par
923 1804 970 1850 un
991 1783 1169 1850 conseiller
1189 1783 1234 1850 du
1254 1784 1326 1872 Pup
1352 1789 1467 1873 etque
1490 1785 1560 1874 j'ay

538 1911 552 1950 r
580 1909 624 1955 vu
651 1909 716 1955 aux
736 1890 889 1957 archites
921 1889 982 1967 ties
1010 1890 1075 1957 RR.
1104 1889 1164 1956 PP.
1190 1887 1331 1977 jesuitae
1362 1890 1408 1959 du
1428 1892 1498 1979 Pny
1527 1892 1560 1959 le

537 2017 554 2057 r<
580 1995 618 2062 3l
641 1994 683 2064 de
698 2016 776 2084 may
794 1996 890 2064 1713.

1045 2089 1236 2168 anounnn,
1250 2087 1376 2175 prieur.
1429 2179 1437 2193 ·

924 2459 967 2528 lV

377 2658 505 2728 Fonous
529 2679 631 2728 rurus
649 2676 832 2727 accensuri
849 2649 1109 2728 ⁴Prrmraomrsuu
1130 2681 1172 2726 nr
1192 2659 1443 2730 Bnrvnrnusnu.
1468 2659 1512 2748 (l)

381 2892 503 2981 (Amne
519 2889 564 2959 ah'
574 2891 811 2961 incarnacione
830 2892 963 2959 Domini
979 2888 1160 2960 niillesimo
1176 2893 1259 2959 LXX
1276 2893 1425 2962 domnus
1442 2896 1560 2962 Petrus

334 2998 566 3090 Piparacensis
588 2999 960 3087 ccclesiae'prepositus
981 3001 1129 3067 venitin
1149 3000 1295 3089 capitulo
1311 3002 1417 3068 sancti
1436 3002 1566 3068 Juliani'

333 3107 538 3176 Brivatensis
554 3105 589 3172 in
603 3106 780 3195 presencia
799 3106 1065 3175 chanonicorum
1084 3108 1197 3196 ibique
1212 3107 1437 3196 supradictam
1455 3109 1560 3176 eccle-

334 3215 419 3282 siam
445 3213 703 3302 Piporaoensem
727 3233 914 3301 omnesque
943 3215 1100 3282 ecelesias
1125 3235 1208 3304 quas
1236 3213 1436 3302 adquisituri
1464 3223 1560 3284 erant

332 3323 405 3411 ipsc
425 3325 458 3390 et
473 3319 658 3388 confratres
673 3321 726 3388 sui
741 3324 797 3388 aut
813 3320 973 3390 donando
990 3326 1048 3390 aut
1062 3322 1289 3411 comparando
1305 3321 1508 3391 condonarit
1523 3323 1558 3390 in

333 3428 457 3499 allodio
473 3434 589 3498 sancto
605 3429 739 3497 tuliano
753 3429 883 3496 martiri
907 3431 1078 3497 canonicis
1099 3449 1166 3517 que
1187 3430 1256 3496 suis
1277 3449 1337 3518 per
1352 3439 1557 3498 consensum

332 3537 475 3606 fratrum
503 3557 644 3605 suorum
671 3535 943 3624 Piperacensium
966 3537 1023 3604 tali
1046 3541 1276 3606 convencione
1295 3542 1333 3606 ut
1351 3539 1416 3626 ipsi
1443 3543 1558 3606 assent

332 3643 514 3732 adjutores
532 3649 565 3712 ct
589 3643 786 3712 defensores
814 3664 933 3711 eorum
963 3645 1078 3734 eisque
1103 3644 1137 3711 in
1168 3648 1334 3732 quantuni
1360 3649 1502 3734 possent
1526 3639 1559 3712 et

333 3751 639 3840 omibust—nibus)
657 3751 759 3819 rebus
784 3751 854 3818 suis
878 3752 1068 3839 peremnia
1091 3751 1332 3819 auxiliarentur
1355 3756 1387 3819 et
1402 3753 1558 3820 consilia·
1655 3815 1658 3821 .

330 3863 460 3930 rentur.
481 3860 513 3928 Si
525 3862 638 3926 autern
656 3858 862 3926 chanonicus
878 3859 983 3926 sancti
1000 3859 1123 3927 iuliani
1138 3859 1180 3927 ad
1197 3859 1386 3946 regularem
1402 3859 1557 3926 habitum

332 3956 452 4037 eorum
464 3965 641 4056 pervenire
656 3966 769 4046 vellet,
786 3967 850 4055 ipsi
868 3966 1106 4054 Piperaoonses
1122 3967 1240 4034 fratres
1260 3986 1319 4035 cos
1334 3988 1413 4034 cum
1433 3981 1557 4056 magno

332 4074 454 4164 gaudio
485 4078 543 4141 eut
568 4095 647 4142 curn
670 4073 814 4162 pecunia
838 4077 896 4140 aut
923 4073 995 4140 sine
1020 4075 1163 4162 pecunia
1189 4074 1390 4161 reciperent,
1417 4073 1559 4162 insuper

334 4183 362 4259 si¹
377 4181 537 4250 meritum
556 4184 625 4248 rite
647 4179 853 4269 condonaret
876 4180 1083 4268 superiorem
1109 4180 1182 4247 aliis
1197 4180 1358 4248 facerent.
1383 4180 1423 4246 llt
1442 4184 1558 4248 eontra

332 4289 483 4358 canonici
503 4289 609 4357 saneti
628 4288 751 4356 Juliani
771 4287 1051 4366 condonaverunt
1070 4286 1209 4355 domino
1229 4287 1327 4355 Petro
1353 4289 1557 4355 suecessori-

331 4398 397 4466 bus
422 4418 488 4486 que
521 4396 592 4466 suis
623 4397 680 4485 qni
708 4397 743 4464 in
775 4395 914 4465 eeclesia
940 4395 1150 4485 Piperaeensi
1170 4395 1289 4484 prelati
1315 4398 1430 4463 essent
1452 4394 1557 4463 futuri

363 4637 396 4700 (l)
409 4635 459 4690 Cet
481 4636 579 4691 article
601 4640 629 4690 ot
647 4639 688 4690 les
706 4637 835 4690 suivants
853 4639 903 4689 ont
921 4635 965 4689 ete
981 4633 1065 4689 ecrite
1079 4634 1208 4702 pendant
1223 4625 1253 4687 le'
1266 4644 1314 4686 ur
1330 4633 1425 4686 siecle.
