3442 5642
516 568 697 612 ruununruu
719 568 921 612 senonense
1192 581 1196 588 ·
1309 549 1327 608 9

98 810 317 900 prebendam
336 809 590 899 inperpetuum
609 815 646 878 ut
678 812 740 899 ipsi
769 815 884 878 esseut
909 810 1061 877 canonici
1081 791 1168 876 siout
1183 829 1273 876 rmus
1288 829 1329 876 ex

97 919 186 986 ittis.
208 919 247 984 Et
275 919 302 984 si
331 918 483 985 uunoniei
509 918 746 1006 Piperaeenses
765 918 895 984 Brivate
923 917 1079 984 venirent
1104 916 1266 1004 quamdiu
1285 917 1330 984 ibi

97 1029 322 1093 morarentur
337 1044 413 1091 ourn
436 1025 605 1092 canonicis
627 1029 734 1092 saneti
751 1024 874 1091 tuliani
893 1025 928 1090 in
944 1024 1119 1092 refectorio
1143 1022 1330 1092 manduca-

98 1135 183 1200 rent
202 1131 371 1218 simulque
396 1129 485 1221 apud
509 1151 568 1197 eos
587 1132 621 1200 in
644 1130 841 1199 dormitorio
862 1135 1051 1198 manerent.
1072 1132 1214 1218 Insuper
1229 1151 1331 1198 reuo-

99 1239 176 1306 niei
208 1237 422 1306 Brivatenses
448 1239 677 1326 promiserunt
708 1258 782 1306 seso
814 1239 950 1305 daturos
980 1238 1173 1306 mansiones
1201 1238 1331 1306 Brivate

100 1347 281 1414 oerioniois
301 1345 577 1432 Piperacensihus
594 1346 650 1412 utri
671 1367 767 1413 suain
794 1347 984 1434 potuissent
1002 1365 1101 1434 egero
1119 1346 1330 1413 voluntatem

101 1454 206 1522 siouti
231 1453 267 1519 in
290 1452 441 1520 dorninio
462 1473 536 1520 sue.
562 1453 688 1521 Deinde
713 1452 991 1521 condonaverunt
1016 1453 1082 1541 ipsi
1101 1452 1193 1540 quod
1221 1451 1331 1539 majus

100 1566 159 1631 est
175 1558 306 1628 domno
319 1561 416 1628 Petro
441 1565 473 1628 et
493 1561 661 1628 canonicis
680 1562 751 1630 suis
770 1570 838 1628 toni
859 1560 1072 1649 presentibus
1094 1580 1196 1647 quarn
1211 1559 1331 1625 futuris

101 1689 343 1758 quascumque
363 1668 520 1737 eeclesias
544 1674 603 1736 aut
627 1675 732 1736 terras
747 1674 805 1737 aut
818 1667 910 1736 atiud
925 1669 1051 1756 aliquid
1069 1669 1103 1735 in
1124 1673 1211 1734 terra
1226 1669 1331 1734 sancti

100 1777 232 1843 tuliani
266 1775 443 1864 adquirere
468 1776 658 1863 potuissent
684 1780 741 1842 aut
769 1775 928 1844 douendo
955 1779 1011 1841 aut
1026 1773 1253 1863 comparando
1275 1774 1330 1840 tati

101 1884 337 1954 conventione
356 1888 524 1972 quatenus
540 1888 676 1952 sanetus
695 1885 848 1952 Julianus
873 1887 904 1950 et
932 1883 1083 1950 canonici
1114 1883 1166 1948 sui
1191 1901 1331 1949 censum

104 2011 214 2059 suurn
226 1989 323 2057 sicuti
338 1995 438 2056 antea
452 1989 617 2058 habereut
633 1992 715 2079 quin
731 1993 799 2058 irno
815 1990 966 2059 canonici
981 1990 1218 2078 Pipereeeuses
1231 2008 1332 2055 onrne

102 2097 263 2166 debitum
291 2097 382 2164 itlius
402 2097 636 2185 adquisitionis
658 2099 754 2188 juxta
778 2097 1057 2193 consuetudinem
1083 2097 1250 2184 nrejorunr
1274 2097 1332 2183 qui

103 2226 167 2273 eas
186 2225 240 2272 res
254 2203 473 2293 possidebant
490 2225 531 2272 ex
553 2205 684 2293 integro
699 2208 943 2295 persolverent.
966 2205 1034 2270 Hor
1051 2208 1163 2270 auteur
1188 2203 1223 2268 in
1243 2204 1332 2290 eapi—
1428 2287 1436 2302 ι
1478 2173 1489 2196 ’

103 2313 182 2382 tulo
208 2313 313 2379 saneti
334 2312 455 2378 tuliani
474 2311 515 2378 ab
543 2317 683 2402 utraque
701 2318 795 2402 parto
824 2312 1024 2401 generalitor
1043 2330 1240 2378 conoessum
1269 2310 1332 2380 fuit

103 2425 144 2487 ut
165 2419 229 2508 ipsi
254 2417 501 2486 communicati
525 2419 732 2487 fraternitate
757 2421 790 2487 in
808 2420 939 2489 Christo
964 2418 1143 2488 unanimes
1163 2422 1277 2485 essent
1299 2423 1331 2484 et

101 2529 198 2598 Deus
220 2530 310 2595 esset
326 2528 440 2594 orunia
454 2527 490 2597 in
505 2527 677 2596 erunibus.

710 3015 737 3079 V

263 3225 265 3228 ⁵
309 3240 453 3327 (Dorou)
480 3241 600 3307 Sasuri
620 3238 795 3305 tuscus-uu
812 3238 950 3306 terrun
970 3234 1129 3308 tinrutrn'.
1195 3268 1201 3279 ·

152 3484 190 3550 In
216 3484 355 3550 nurnine
376 3482 434 3550 Dei
459 3483 584 3549 suurnri
604 3490 637 3550 et
662 3483 860 3550 intemerate
885 3482 1001 3547 matris
1030 3481 1165 3547 Domini
1188 3481 1331 3569 ejustpre

102 3591 189 3657 ainai
222 3591 367 3659 martiris
394 3589 564 3657 Vinuenoii
598 3585 731 3656 noanon
759 3589 892 3656 Andree
918 3594 952 3657 et
979 3588 1087 3676 Magni
1109 3587 1266 3655 ecclesias
1290 3587 1331 3656 de

102 3697 228 3764 Vetula
247 3697 377 3765 Briuate
396 3718 462 3786 que
477 3697 662 3786 antiquitus
681 3697 868 3764 Brivatensi
885 3695 1024 3764 ecclesie
1043 3696 1213 3784 possessio
1229 3695 1332 3763 hahe-
1392 3691 1394 3696 ’

105 3813 165 3871 tur
186 3825 193 3866 ε
217 3803 283 3891 ligo
306 3805 495 3892 Stephanus
519 3805 560 3892 (t)
586 3804 678 3871 filius
701 3803 860 3871 Bernardi
884 3802 989 3870 reddo
1015 3807 1048 3882 et
1068 3803 1272 3870 commendo
1297 3809 1330 3870 et

103 3910 199 3977 dono
215 3911 282 3977 Deo
301 3916 333 3977 ot
355 3915 470 3978 sancte
488 3912 589 3978 Marie
606 3912 837 3998 Piperaceusis
852 3910 991 3978 ecclesie
1007 3915 1040 3976 et
1059 3910 1185 3978 domno
1202 3909 1330 3997 prelato

103 4020 206 4085 Petro
222 4022 255 4084 et
270 4017 389 4085 ueteris
403 4018 560 4085 fratribus
580 4018 608 4107 ej
615 4039 653 4085 us
672 4018 830 4106 subjectis
851 4010 985 4084 neenon
1006 4022 1038 4084 et
1062 4036 1182 4084 eorunr
1199 4035 1332 4082 sueces-

103 4125 241 4193 soribus
260 4130 297 4191 ut
315 4125 560 4213 'perpetualiter
583 4126 674 4193 iltius
699 4126 837 4193 erotesie
857 4130 890 4193 et
917 4124 1053 4191 itlorunr
1072 4125 1214 4200 fratrum
1233 4123 1330 4191 trero-

102 4233 193 4302 ditas
216 4233 390 4300 habeatur.
419 4233 457 4300 itt
481 4233 671 4301 Bernartius
696 4237 790 4323 pater
809 4253 907 4301 meus
933 4237 1009 4300 euin
1033 4232 1153 4302 ceteris
1172 4231 1331 4299 frutribus

137 4519 349 4585 (t)Enn1arge
369 4535 374 4570 :
393 4520 442 4572 Iste
467 4519 571 4570 uidetur
596 4520 678 4584 sitisse
698 4520 793 4572 tertius
817 4520 902 4571 socius
921 4517 1082 4570 diut'l’etri.
1109 4517 1167 4569 tide
1186 4517 1261 4570 'otior'
1287 4519 1332 4570 uti

101 4611 219 4662 roratur
234 4607 384 4678 Stephanus
399 4609 430 4660 de
452 4609 540 4660 t'rtutn
557 4609 676 4661 triente.
696 4607 820 4661 ttoriture
836 4610 873 4661 du
890 4618 955 4658 xvir
972 4606 1065 4661 sirete.
1111 4599 1113 4602 ’
