3442 5642
547 584 729 629 'reiteratum
751 584 952 628 PIPERACENSE

588 1361 591 1364 ¹
693 1279 787 1346 mm.
835 1269 842 1278 ·

181 1545 363 1612 Netumsit
376 1544 538 1620 omnihus
553 1545 645 1635 qued
661 1565 722 1634 ege
738 1544 946 1612 Reimendus
963 1546 1061 1612 Asset
1076 1549 1110 1612 et
1120 1529 1240 1614 Aester
1253 1545 1357 1614 frater

137 1672 237 1719 meus
252 1651 407 1718 dedimus
426 1657 459 1720 et
478 1653 706 1720 concessimus
720 1652 750 1719 V
769 1651 896 1719 solidos
910 1653 946 1719 in
962 1656 1052 1720 terra
1066 1673 1168 1742 quem
1187 1652 1355 1722 hebemus

136 1760 176 1847 in.
192 1778 330 1825 maesse
348 1761 401 1824 del
415 1763 536 1826 Meieit
552 1759 594 1826 ad
609 1762 807 1826 memoriam
817 1765 957 1848 ,petrum
970 1763 1167 1827 nestrorum
1178 1765 1355 1828 annuatim

133 1863 333 1932 feriendam.
349 1864 554 1932 Hoefeetum
566 1867 663 1932 estin
675 1866 820 1934 elaustro
836 1870 913 1932 ante
926 1849 1122 1954 eapitulum,
1138 1867 1355 1953 presentibus

133 1970 288 2038 iohanne
306 1970 437 2050 abbate,
453 1971 606 2038 Jehrmrre
622 1971 663 2038 de
678 1971 869 2052 Lesclaehe,
883 1972 918 2037 P.
932 1973 1025 2040 Peies
1045 1975 1194 2050 sacrista,
1207 1971 1352 2038 terdeno

13 2069 14 2072 ’
139 2076 182 2143 de
197 2077 386 2156 Ferrrrssrm
409 2077 559 2157 Jarrsent,
583 2078 677 2157 Beni,
703 2078 736 2143 P.
761 2077 804 2144 de
828 2077 990 2158 Serveire,
1009 2079 1158 2157 Restein,
1180 2077 1353 2144 Ferehada

135 2183 256 2288 Turpi.
280 2185 408 2263 Areset,
437 2184 619 2264 canonicis.
646 2189 679 2251 et
706 2185 738 2250 S.
769 2185 878 2264 isset,
905 2189 1000 2272 pater
1023 2204 1120 2251 meus
1142 2184 1222 2270 (sie).
1254 2183 1351 2249 Anno
1428 2223 1442 2244 .

138 2289 272 2388 Domini
290 2289 335 2355 Μο
350 2290 410 2355 GG⁰
425 2289 520 2389 XL10.
1430 2303 1433 2312 '

673 2690 784 2759 LXXI.

176 2957 300 3024 Netum
311 2957 354 3023 sit
369 2955 529 3023 omnibus
545 2955 635 3045 quod
650 2977 727 3024 cum
744 2958 972 3025 controversie
987 2960 1077 3024 esset
1089 2957 1178 3022 inter
1192 2954 1349 3023 abbatem

131 3065 388 3152 Pipereeensem
414 3063 576 3150 Petreium
610 3063 757 3152 Opererii
786 3083 826 3130 ex
860 3083 929 3130 une
958 3068 1053 3151 parte
1081 3065 1115 3130 et
1141 3061 1348 3130 Daimeeium
1481 3111 1487 3123 .

13 3165 14 3212 i
128 3169 325 3237 Griseherdi
341 3174 374 3236 et
388 3169 478 3236 filies
491 3169 564 3257 ejus
579 3169 736 3238 exaltem
756 3168 798 3237 de
815 3175 901 3236 terre
915 3189 1017 3258 quem
1034 3166 1126 3235 dedit
1143 3169 1348 3236 monasterie

128 3277 340 3364 Piperaeensi
359 3275 495 3365 quande
521 3275 583 3344 fuit
598 3277 755 3358 donatus
773 3284 850 3366 pest
864 3278 988 3344 multas
1008 3275 1241 3344 altereationes
1255 3295 1348 3342 cem-

127 3383 359 3471 premiserunt
375 3386 516 3472 utreque
536 3403 613 3471 pers
627 3383 663 3452 in
678 3383 735 3451 W⁰
750 3384 890 3450 Alerren
907 3383 1013 3450 milite
1028 3382 1086 3469 qui
1102 3380 1230 3449 dietum
1245 3402 1347 3449 suum

13 3475 14 3506 ³
126 3488 199 3556 sive
214 3489 388 3556 arbitrium
408 3488 545 3577 pretulit
564 3490 599 3557 in
617 3489 709 3556 hune
724 3489 877 3557 medum.
896 3489 984 3555 Dixit
998 3486 1090 3575 qued
1105 3487 1227 3555 demus
1250 3480 1348 3576 Pipe-
1438 3531 1442 3538 ·

126 3595 193 3662 raei
209 3599 358 3683 perteret
371 3596 407 3660 in
422 3615 502 3682 paee
513 3600 644 3684 pratum
659 3596 751 3684 quod
766 3596 875 3664 dietus
889 3595 1078 3662 Dalmatius
1093 3593 1239 3661 habehat
1248 3593 1348 3681 juxte

90 3791 93 3797 Ι
127 3705 264 3788 pentem
282 3701 324 3769 de
341 3701 516 3770 Pretbesse
532 3707 565 3768 et
583 3701 670 3770 dieta
686 3701 809 3787 demus
823 3705 968 3795 quiteret
986 3701 1086 3768 aliem
1102 3705 1225 3768 terram
1244 3721 1347 3789 quam
1371 3743 1373 3746 -

124 3807 442 3876 dietus‘Daimeeirrs
460 3806 597 3895 quande
622 3809 684 3875 fuit
708 3808 853 3876 defletus
877 3806 968 3876 dedit
985 3806 1102 3874 domui
1121 3807 1345 3894 Piperaeensi.

123 3914 165 3980 Et
179 3914 244 3981 hee
263 3913 371 3981 dietus
390 3914 580 3982 Delmaeius
602 3920 635 3982 et
649 3915 710 3981 filii
726 3914 799 4003 ejus
809 3915 1010 4002 juraverunt
1024 3932 1061 3980 se
1075 3932 1150 3980 esse
1165 3912 1345 3984 tenendos.
1470 3980 1472 3984 ,

123 4019 197 4086 Hee
219 4019 282 4086 fuit
305 4020 430 4087 fectum
445 4025 523 4088 ente
540 4025 672 4108 portem
691 4021 830 4088 ecclesie
845 4021 878 4087 in
894 4021 1016 4108 platee.
1043 4018 1196 4086 restitus
1221 4017 1264 4086 ad
1282 4019 1347 4089 hoe

122 4126 251 4193 voeatis
262 4127 476 4215 presentibus
492 4132 524 4194 et
534 4131 659 4215 rogetis
672 4127 781 4194 dictus
792 4114 850 4194 Pe.
868 4126 982 4206 abbas,
997 4126 1169 4193 iohannes
1182 4125 1343 4208 pauliani,

124 4233 162 4298 P.
194 4232 300 4312 Paies,
332 4231 439 4300 etalii
465 4235 629 4312 canonici,
656 4233 876 4314 irretiens,
904 4233 1051 4300 Remeus
1075 4236 1108 4299 et
1138 4231 1231 4299 filius
1256 4231 1343 4319 ejus

123 4336 310 4420 iohannes,
335 4339 516 4406 Meruiste?
547 4340 582 4407 P.
617 4340 760 4420 Pemeir,
790 4338 976 4418 Teissedre,
1002 4336 1183 4417 Bemerde,
1210 4335 1342 4418 Miehei,

123 4443 326 4522 Pensserrel‚
351 4445 384 4511 S.
416 4444 526 4526 Asset,
548 4446 584 4513 P.
605 4445 751 4524 Salvam,
781 4444 951 4525 RethertO,
983 4445 1015 4512 S.
1037 4444 1185 4524 Gemens,
1201 4442 1341 4525 Beehes

125 4549 282 4640 Bospars,
304 4551 339 4617 P.
360 4550 547 4632 rammam,
569 4551 740 4618 iohannes
755 4549 943 4620 Terencels.
