3442 5642
555 495 736 540 aennnnreu
758 495 961 540 rreenneense
1349 485 1367 541 7

189 737 245 804 41.
263 739 399 805 -Post
428 757 506 805 enm
530 758 620 805 anne
654 737 736 805 1705
764 738 924 806 deminus
955 737 1123 810 Antonius
1152 738 1296 828 Charpin
1326 739 1368 807 de

141 844 365 923 tiennetines
383 833 498 913 centes
519 845 754 933 Lugdunensis
770 849 803 912 et
818 849 997 932 episcopus
1013 844 1275 912 lemovicensis,
1409 840 1412 847 ’

189 952 267 1018 Post
283 973 362 1018 eum
382 973 471 1019 arrnc
488 953 621 1019 Domini
649 952 728 1018 1734
747 952 907 1018 dominns
936 951 1104 1040 ,Iosephus
1123 951 1299 1020 Centurior
1324 954 1366 1024 de

140 1058 326 1126 Fourno'ne
347 1054 398 1124 l‘lfl
410 1059 498 1154 julii,
509 1079 567 1148 ner
577 1059 820 1142 demissionem
835 1057 1016 1149 supradicti
1033 1056 1162 1125 domini
1177 1059 1218 1127 de
1234 1059 1367 1128 Genne-

141 1165 245 1234 lines

701 1460 744 1526 nr
767 1460 808 1547 n)
903 1507 911 1518 ,

192 1685 309 1772 Incipit
320 1684 354 1750 in
375 1684 513 1750 nemine
528 1683 656 1751 domini
671 1685 774 1752 Breve
790 1683 831 1752 de
852 1683 942 1750 tiene
957 1685 1048 1772 qued
1069 1685 1147 1752 fecit
1173 1685 1365 1756 laniandus
1462 1685 1472 1714 '⁷
1548 1679 1557 1702 ‘

140 1793 332 1859 vicecomes
364 1796 398 1858 et
429 1791 502 1879 ejus
531 1790 622 1872 filius
654 1791 814 1858 scindens
842 1791 971 1858 ferrum
1001 1791 1204 1880 Stephanus
1231 1797 1366 1862 mortue

141 1903 250 1987 patro,
268 1897 302 1963 in
318 1902 427 1964 castre
442 1895 668 1965 l'odemniaco
683 1899 718 1964 in
733 1898 864 1964 honore
879 1898 1008 1964 domini
1019 1898 1126 1964 nostri
1141 1898 1221 1965 lesu
1233 1898 1364 1973 Christi.

141 2006 213 2092 Ego
233 2004 426 2070 limandus
445 2003 535 2072 deno
553 2025 611 2093 pro
628 2006 740 2071 anima
758 2025 834 2072 moa
848 2009 881 2072 et
896 2025 957 2093 pre
972 2005 1085 2096 anima
1099 2003 1263 2072 Adalaisis
1279 2026 1365 2073 meae

141 2115 261 2180 uxoris
281 2115 314 2195 et
340 2132 401 2199 pro
426 2111 603 2196 animabus
629 2113 778 2180 filiorum
806 2131 962 2179 meorum
982 2115 1014 2178 et
1044 2104 1192 2178 filiarum
1212 2115 1244 2178 et
1264 2113 1365 2179 etiam

141 2239 205 2308 pro
227 2209 406 2285 animabus
422 2219 576 2285 onmium
599 2225 779 2308 parentum
798 2240 954 2287 meorum
968 2218 1112 2285 Domino
1129 2219 1198 2285 Dee
1214 2222 1247 2286 et
1265 2220 1365 2287 Beate

141 2325 246 2392 llarie
265 2329 298 2392 ct
322 2325 442 2392 Sancto
468 2326 621 2393 Andeelo
640 2348 801 2394 mansum
818 2347 927 2393 unum
951 2327 986 2392 in
1012 2324 1236 2392 Podomniaco
1260 2325 1364 2414 quem

142 2452 306 2500 vocamus
325 2452 485 2498 mansum
501 2436 554 2498 dcl
572 2435 628 2500 Cot
648 2437 680 2500 et
694 2438 798 2517 furno
815 2437 847 2500 et
868 2437 918 2499 les
935 2436 1141 2515 Doqodenae.
1158 2432 1254 2499 Dono
1270 2432 1365 2498 simi·
1397 2484 1400 2492 .

142 2540 221 2607 liter
233 2559 291 2606 sex
306 2539 422 2606 vineas
441 2560 515 2628 quae
530 2539 690 2607 dicuntur
705 2541 802 2608 vinee
819 2539 860 2607 de
880 2531 1019 2606 Pratnl'is
1039 2543 1072 2606 et
1089 2538 1230 2606 mausus
1248 2559 1365 2627 supra-

143 2619 254 2733 dictds
277 2645 310 2712 in
328 2645 522 2713 vadimonio
547 2667 607 2735 pre
629 2646 751 2713 GGCGL
772 2646 890 2713 solidis
909 2651 1046 2712 monete
1066 2644 1252 2713 Podicnsis.
1269 2645 1364 2711 Dono
1433 2646 1437 2657 '

143 2773 304 2820 mansum
331 2753 471 2820 omnino
498 2757 531 2820 et
557 2753 675 2820 vineas
699 2759 732 2821 et
755 2756 920 2843 quantum
940 2752 983 2820 ad
1002 2772 1161 2820 mensum
1192 2756 1225 2819 et
1247 2755 1364 2819 vineas
1392 2787 1417 2845 '3

142 2861 286 2929 attinere
299 2856 436 2927 ridetur
449 2860 593 2927 Domino
612 2861 694 2940 Deo,
716 2866 753 2927 nt
777 2859 905 2928 dicium
928 2864 990 2940 est,
1013 2863 1046 2926 et
1071 2863 1188 2928 sancte
1211 2856 1364 2925 Andoelo

141 2966 340 3055 clericisque
356 2965 400 3032 ibi
427 2967 495 3033 Deo
516 2965 796 3034 deservientibus.
815 2967 853 3034 Et
873 2984 935 3054 ego
952 2967 1143 3054 Stephanus
1167 2963 1364 3032 inscindens

142 3074 273 3154 ferrum
288 3073 378 3139 deno
394 3072 515 3140 eedem
534 3077 632 3162 pacto
651 3094 717 3162 que
734 3079 766 3140 et
786 3077 880 3162 pater
892 3073 1133 3166 appendariam
1153 3092 1256 3161 quam
1272 3074 1365 3138 tenet

142 3182 260 3248 Petrus
280 3179 436 3246 Cetaldus
452 3185 485 3246 et
499 3185 665 3268 quantum
681 3180 722 3246 ad
743 3200 818 3246 eam
844 3180 1009 3269 respicere
1028 3179 1164 3246 videtur
1179 3182 1211 3245 et
1237 3179 1365 3246 mdic-

142 3291 247 3355 tatem
279 3287 457 3375 eujusdam
483 3290 569 3376 prati
597 3286 638 3353 ad
669 3287 879 3375 Dogodenas,
910 3285 1002 3375 quod
1036 3285 1156 3354 dicitnr
1189 3274 1361 3352 Gruoebu.

141 3396 238 3461 Dono
263 3393 364 3461 etiem
383 3393 484 3459 eliam
503 3414 642 3481 parvam
662 3397 848 3481 graveriam
867 3392 910 3460 ad
932 3391 1127 3460 Fondredas
1142 3393 1200 3459 ubi
1217 3393 1244 3460 si
1264 3412 1364 3480 posse

141 3500 271 3568 clericis
286 3499 636 3587 fueritfmolendinum
657 3501 790 3568 faciant.
813 3502 907 3568 Dono
922 3505 1023 3568 etiam
1042 3499 1129 3567 illud
1146 3499 1238 3589 qued
1253 3493 1363 3566 habeo

142 3614 178 3676 in
198 3609 306 3677 brolio
333 3609 530 3697 Aquidanire
546 3623 579 3677 et
593 3610 685 3698 quod
704 3611 813 3678 habeo
828 3611 973 3700 inprate
992 3615 1133 3677 tenebat.
1151 3611 1246 3676 Dono
1263 3608 1363 3676 etiam
1449 3697 1453 3703 Ι

143 3716 272 3784 clericis
288 3715 372 3783 illud
388 3715 480 3805 quod
505 3717 747 3807 superfectem
776 3719 983 3786 Bercondam
1003 3718 1060 3786 ubi
1079 3718 1202 3786 faciant
1221 3715 1364 3784 domum
1445 3728 1448 3737 '

143 3824 197 3891 vel
223 3823 362 3912 quiquid
378 3824 500 3912 -potius
527 3825 727 3913 optaverint.
757 3826 874 3892 Pontio
900 3825 1108 3903 vicecomite,
1136 3845 1214 3893 meo
1241 3829 1364 3913 nepote

143 3935 244 4016 atque
262 3929 363 4002 fratre
388 3951 449 3997 suo
470 3931 597 3997 Eraclia
613 3934 646 3998 et
664 3931 787 3998 horum
807 3936 914 3999 matre
934 3932 1138 4012 faventibus
1161 3931 1255 3997 nullo
1269 3951 1365 4018 pron

144 4055 202 4104 sus
226 4035 365 4104 bomine
382 4037 644 4107 contradicente.
671 4039 703 4105 Si
722 4039 844 4128 aliquis
862 4043 919 4106 aut
944 4039 1013 4106 ulla
1032 4059 1071 4106 ex
1098 4038 1258 4106 omnibus
1278 4038 1364 4106 meis

144 4141 327 4214 heredibus
355 4143 434 4212 dieti
460 4145 665 4214 vicecomitis
691 4145 874 4217 Hennendi
902 4147 992 4215 banc
1010 4150 1145 4216 cartam
1178 4147 1366 4238 inquietare
1462 4182 1464 4188 ·

178 4426 212 4490 (l)
229 4426 351 4477 Ecriture
366 4427 402 4476 du
417 4435 491 4478 xvrrr
509 4426 597 4479 siecle.
613 4455 641 4465 -
660 4428 810 4494 Une·copie
829 4429 861 4479 de
882 4434 951 4481 cette
968 4431 1061 4482 chorte
1080 4435 1120 4483 est
1136 4431 1278 4486 conservio
1298 4431 1367 4484 tiens

147 4513 186 4570 les
198 4513 333 4567 Archives
348 4516 640 4582 departementelesde
654 4515 680 4574 lu
696 4517 889 4570 [laute-Loire.
1172 4522 1180 4531 “
