3442 5642
365 591 403 653 22
740 655 746 666 ,
769 610 951 654 annonarum
972 607 1175 652 rrrsaaerrrsn

364 870 441 918 eam
455 849 630 938 naufragio
645 849 907 918 misericorditer
919 849 1074 916 liberavit
1096 853 1130 917 et
1153 851 1291 938 antique
1319 849 1471 937 dignitati
1486 846 1588 914 resti-

363 959 437 1026 tuit.
454 959 516 1026 Hic
529 958 621 1026 enim
652 960 797 1026 Peneius
825 959 883 1026 Dei
902 958 1011 1044 gracia
1024 957 1231 1025 Rutunensis
1246 958 1425 1046 episcopus
1444 949 1589 1022 suorum

362 1066 503 1134 consilio
517 1065 718 1133 clericorum
732 1071 766 1132 et
779 1065 927 1131 maxime
941 1064 1207 1133 chauonicorum
1222 1066 1291 1132 Deo
1306 1069 1339 1132 et
1361 1068 1476 1131 sancte
1488 1061 1589 1149 Pipe-

362 1173 491 1241 racensi
506 1172 646 1240 ecclesie
665 1177 698 1238 et
712 1171 840 1239 domno
856 1171 953 1237 Petro
977 1173 1115 1260 suisque
1130 1171 1383 1240 successoribus
1401 1168 1588 1259 predictam

362 1278 522 1368 Altipodii
541 1278 719 1347 ecclesiam
735 1277 896 1344 canonice
909 1274 1013 1346 dedit.
1031 1277 1093 1344 Ubi
1109 1298 1186 1344 cum
1197 1278 1387 1364 Stephanus
1402 1275 1445 1344 de
1464 1277 1588 1344 Sancto

362 1385 496 1453 Ursidio
513 1388 695 1453 canonicos
724 1383 836 1451 divine
863 1381 957 1451 laudi
981 1384 1137 1469 insistere
1164 1384 1292 1472 absque
1320 1384 1590 1472 interpolacione
1709 1447 1710 1456 ,

362 1490 567 1581 previderet,
586 1490 718 1558 donum
733 1489 881 1578 episcopi
898 1489 1048 1558 laudavit
1071 1496 1104 1558 et
1118 1489 1161 1557 de
1182 1490 1278 1557 omni
1292 1490 1387 1578 justo
1402 1495 1435 1557 et
1458 1489 1588 1576 injusto
1627 1479 1633 1488 ’

363 1597 454 1686 quod
472 1598 643 1664 inmenso
671 1596 817 1665 habebat
847 1597 882 1663 in
910 1619 977 1686 quo
1002 1597 1151 1686 predicta
1170 1597 1309 1665 ecelesia
1336 1597 1398 1663 sita
1417 1600 1468 1663 est
1493 1596 1590 1663 illam

362 1705 472 1793 ipsam
496 1704 573 1792 jure
602 1708 767 1792 perpetuo
797 1703 1009 1771 hereditavit.
1039 1705 1194 1772 Preterea
1221 1703 1399 1771 Villelmus
1422 1702 1534 1772 Deude
1553 1707 1591 1769 et
1709 1731 1710 1778 t

223 1822 226 1828 ’
363 1811 483 1878 fratres
499 1811 572 1900 ejus
597 1809 788 1898 Stephanus
814 1810 941 1878 scilicet
959 1815 992 1878 et
1011 1813 1129 1879 Petrus
1146 1815 1180 1878 et
1206 1830 1326 1878 eorum
1349 1810 1409 1876 filii
1429 1809 1591 1897 quicquid

363 1915 399 1982 in
415 1915 566 2003 predicto
580 1935 702 1982 manso
727 1915 897 1983 habebant
912 1936 973 2004 pro
993 1917 1101 1984 salute
1121 1916 1314 1983 animarum
1333 1935 1473 1983 suarum
1493 1915 1592 2002 Pipe-
1709 1899 1710 1946 ³

364 2021 494 2089 rocensi
508 2025 716 2090 monasterio
739 2026 773 2089 et
791 2022 931 2090 ecclesie
946 2022 1056 2090 Sancti
1075 2022 1209 2089 Martini
1225 2022 1267 2090 de
1281 2021 1451 2109 Altipodio
1467 2020 1591 2088 obnixe
1709 2019 1710 2086 l

271 2151 274 2159 ·
365 2135 607 2196 concesserunt
635 2133 668 2196 et
698 2127 876 2196 dederunt.
903 2129 1000 2196 Unde
1024 2130 1177 2197 canonici
1207 2129 1448 2216 Piperocenses
1474 2125 1594 2193 Villel-
1709 2159 1710 2220 ᾗ

365 2256 463 2302 mum
478 2240 511 2302 et
521 2233 641 2303 fratres
660 2235 734 2324 ejus
748 2236 784 2301 in
800 2236 945 2323 regulari
960 2237 1203 2304 canonicorum
1216 2235 1331 2302 habitu
1350 2238 1589 2321 susceperunt.

366 2343 543 2411 Postremo
558 2343 740 2411 Rolhertus
759 2344 820 2412 Del
839 2344 989 2432 Monteyl
1003 2349 1035 2412 et
1055 2345 1116 2411 filii
1127 2345 1179 2410 sui
1194 2343 1259 2410 hoc
1274 2342 1403 2446 donum
1414 2359 1594 2425 concesse·

366 2453 447 2517 runt
461 2454 494 2517 et
509 2449 650 2517 consilio
664 2448 814 2517 Villelmi
827 2450 943 2519 Deude
957 2455 990 2518 et
1002 2451 1147 2519 fratrum
1162 2471 1304 2518 suorum
1313 2449 1502 2517 honoribus
1517 2451 1593 2515 suis
1709 2447 1710 2476 ³

367 2555 602 2624 adoraverunt.
629 2555 738 2644 Hujus
761 2556 810 2623 rei
832 2560 937 2624 testes
956 2561 1036 2625 sunt
1055 2557 1187 2625 Ulricus
1201 2553 1593 2634 archidiaconusdlde-
1709 2583 1710 2618 ;

367 2662 483 2730 bertus
497 2661 646 2730 Villelmi
666 2667 698 2730 et
724 2663 915 2752 Stephanus
940 2670 975 2732 et
997 2664 1189 2733 Bernardus
1209 2665 1270 2730 filii
1294 2664 1368 2752 ejus
1393 2667 1426 2730 et
1445 2662 1593 2730 Peneius

368 2766 514 2836 Villelmi
534 2767 577 2836 de
595 2769 628 2836 la
641 2769 797 2850 Gleisola,
814 2775 977 2857 regnante
991 2769 1097 2839 Jeshu
1118 2770 1250 2838 Christo
1268 2771 1305 2838 in
1325 2774 1543 2858 perpetuum.
1709 2775 1710 2800 ¹

932 3177 1033 3246 XXII.

809 3372 956 3459 (Donum)
976 3373 1146 3439 Funerum.

416 3588 497 3655 Tam
512 3590 727 3676 posterorum
747 3590 910 3657 memorie
931 3609 1034 3677 quam
1049 3589 1263 3678 presencium
1284 3588 1393 3656 officio
1414 3589 1481 3655 stili
1506 3588 1597 3656 desi-
1709 3561 1710 3628 ff

372 3713 518 3782 gnamus
536 3693 627 3780 quod
655 3693 808 3776 Blismot‚
829 3693 967 3763 domina
988 3695 1030 3764 de
1050 3696 1215 3785 Flagiaco,
1239 3695 1332 3762 dedit
1355 3697 1424 3762 Deo
1440 3700 1474 3763 et
1497 3695 1597 3763 beate

371 3801 473 3867 Marie
485 3799 528 3868 de
542 3799 699 3888 Piperaco
710 3804 743 3868 et
755 3801 881 3870 domno
898 3803 994 3871 Petro
1010 3804 1151 3891 suisque
1165 3801 1417 3870 successoribus
1430 3802 1596 3890 capellam

373 3901 528 3997 ejusdem
546 3907 626 3976 ville
643 3910 676 3976 et
689 3908 803 3975 locum
823 3910 916 3998 quod
942 3910 1064 3978 dicitur
1087 3909 1196 3977 Garda
1215 3910 1250 3975 in
1266 3929 1334 3998 quo
1354 3909 1533 3977 ecclesiam
1559 3909 1597 3975 in
1709 3903 1710 3906 ’

372 4013 503 4082 honore
515 4017 631 4083 saneta
642 4016 783 4103 virginis
795 4016 896 4084 Marie
908 4018 1095 4085 honorifice
1107 4017 1293 4084 fabricaret.
1312 4017 1498 4104 Postquam
1512 4035 1595 4083 vero
1709 4035 1710 4038 ’

374 4121 550 4190 ecclesiam
574 4121 758 4204 fabricavit,
780 4125 920 4192 consilio
940 4125 1091 4192 filiorum
1117 4143 1258 4190 suorum
1280 4109 1428 4191 Villelmi
1455 4123 1594 4201 scilicet,
1709 4207 1710 4210 Ἴ

373 4227 511 4296 Ebionis
532 4230 566 4294 et
580 4228 669 4296 Petri
692 4234 725 4296 et
743 4229 876 4298 Radulti
891 4231 961 4298 suis
980 4229 1169 4303 honoribus
1186 4227 1400 4309 hereditavit,
1418 4233 1451 4296 et
1470 4228 1597 4296 ibidem

372 4337 409 4404 in
441 4338 617 4425 posterum
656 4337 920 4405 sanctimonialis
955 4337 1109 4405 habitum
1145 4336 1400 4424 religiosissime
1433 4335 1593 4422 suscepit.

374 4443 491 4512 Testes
510 4449 623 4511 autem
643 4442 747 4531 hujus
761 4445 808 4512 rei
822 4450 902 4524 sunt
919 4445 1111 4534 Stephanus
1127 4443 1168 4511 de
1181 4443 1277 4511 Valle
1292 4447 1326 4509 et
1341 4441 1534 4508 firmandus
1554 4440 1597 4507 de

374 4551 494 4618 Sancto
509 4550 653 4632 Privato
676 4540 879 4620 et'Gibertus
895 4552 1039 4620 vicarius
1057 4555 1089 4618 et
1107 4549 1206 4618 multi
1222 4550 1276 4616 alii
1293 4571 1378 4637 quius
1394 4568 1595 4616 enumerare

375 4658 517 4746 longum
536 4660 598 4740 est,
621 4661 783 4746 regnante
798 4657 900 4726 Jeshu
919 4659 1050 4726 Christo
1065 4659 1122 4748 qui
1142 4657 1307 4746 glorificat
1321 4656 1472 4726 Sanctos
