3442 5642
566 642 746 703 1666161611
770 659 972 707 rrrnnacnnsn
1346 642 1379 704 13

147 897 283 986 posito,
307 917 449 965 assensu
476 899 933 966 11616661016161666166616
958 899 1119 987 episcopi,
1137 898 1254 965 ambas
1275 898 1381 966 66616-

146 1005 223 1071 sias
240 1003 283 1072 de
299 1007 422 1072 1161616
438 1012 471 1073 61
490 1006 665 1073 ecclesiam
681 1006 793 1072 Sancti
817 1005 1002 1072 Sebastiani
1019 1005 1061 1072 (16
1075 1005 1276 1073 Valorseria.
1294 1007 1380 1082 Qua-

145 1117 294 1200 propter
309 1113 460 1179 canonici
477 1113 715 1200 Piperacenses
739 1113 891 1180 fecerunt
906 1112 1104 1180 canonicum
1126 1112 1321 1180 Villelmum
1337 1113 1378 1181 (16

144 1217 252 1286 Valle
266 1219 375 1285 filium
395 1220 481 1308 ojus.
504 1221 544 1286 Et
562 1221 642 1308 quia
666 1218 821 1287 Gireldus
837 1220 879 1286 de
904 1219 1061 1286 Gorheha
1081 1225 1113 1286 et
1132 1220 1192 1286 filii
1213 1220 1286 1308 ejus
1305 1220 1380 1287 166-

145 1325 325 1394 daverunt
353 1325 482 1394 donum
515 1327 654 1394 ecclesie
676 1325 718 1394 de
739 1326 939 1406 Valorseira,
972 1327 1124 1394 canonici
1151 1324 1193 1394 de
1222 1327 1379 1416 Piperaco

143 1433 339 1521 quemdam
356 1433 465 1500 filium
486 1454 587 1500 suum
604 1433 729 1500 scilicet
748 1421 957 1520 Stephanum
973 1431 1014 1499 de
1029 1432 1185 1500 Gorheira
1202 1454 1262 1522 pro
1280 1455 1379 1502 6666-

143 1540 232 1607 6166
247 1545 457 1628 recepcrunt.
480 1540 588 1628 Hujus
603 1543 651 1607 rei
664 1545 768 1608 testes
788 1543 866 1605 sunt
882 1559 923 1606 611
943 1544 1038 1627 parte
1058 1539 1217 1628 Stephani
1231 1540 1272 1608 (16
1286 1541 1379 1610 Valle

144 1645 360 1714 Bertraudus
375 1645 532 1714 sacerdos
553 1652 586 1715 et
609 1647 800 1714 Dalmacius
814 1645 861 1714 de
871 1645 966 1713 Valle
985 1652 1018 1713 et
1033 1647 1212 1714 Villelmus
1228 1645 1270 1716 de
1285 1649 1379 1716 Valle

145 1759 185 1819 et
214 1753 285 1840 Ugo
309 1753 465 1820 Blancns.
488 1753 534 1818 llx
558 1759 651 1842 parte
678 1773 759 1820 roro
784 1749 908 1819 Giraldi
937 1750 1154 1834 del-Corheira
1177 1757 1280 1821 testes
1298 1761 1379 1824 sunt

143 1858 325 1926 lohannes
343 1859 500 1928 sacerdos
525 1864 558 1927 ct
573 1860 734 1948 Signinos
755 1859 796 1926 (16
816 1858 1005 1925 Valorseira
1022 1863 1054 1925 et
1070 1860 1213 1928 Poucius
1236 1860 1379 1928 Albinus

145 1971 184 2032 et
203 1964 310 2033 Guido
329 1967 550 2035 (1166661666.

742 2307 781 2376 X·
805 2293 813 2395 [

491 2548 493 2552 .
553 2497 697 2583 (116666)
715 2496 834 2564 Saacrr
850 2498 970 2564 llaun.

195 2699 375 2765 Villelmus
394 2700 565 2787 Superbus
585 2707 617 2767 61
633 2702 691 2768 filii
710 2703 762 2767 sui
788 2700 954 2768 dederunt
970 2703 1037 2768 llee
1054 2709 1085 2768 ct
1101 2702 1198 2770 heate
1218 2703 1317 2770 llario
1333 2696 1374 2771 de
1410 2769 1412 2772 .

145 2807 309 2893 Piperaco
335 2825 504 2872 consensu
533 2806 657 2873 Girahli
684 2808 1144 2895 11611666161116166111161116
1173 2809 1376 2876 (116661161-

145 2911 251 2978 116616
270 2913 421 2979 canonici
447 2913 605 3000 quicquid
628 2913 721 3001 juste
753 2919 786 2979 et
812 2915 936 3002 injuste
969 2914 1139 2982 habehant
1168 2916 1202 2981 in
1236 2915 1375 2983 66616616

144 3019 263 3086 Sancti
287 3019 379 3085 Marii
397 3023 429 3085 61
449 3019 568 3085 Petrus
594 3018 636 3086 de
666 3017 842 3086 Verdezun
863 3019 955 3087 dedit
984 3021 1137 3086 similiter
1156 3021 1252 3088 heate
1272 3021 1374 3090 116116
1416 3087 1417 3095 ,

145 3123 192 3192 de
214 3125 383 3213 Piparam,
413 3131 608 3192 6666116661
635 3124 725 3192 dono
750 3124 1000 3213 capellanorum
1030 3127 1191 3214 Stephani
1218 3126 1374 3195 videlicet

144 3236 182 3299 et
203 3233 290 3299 Petri
306 3233 465 3322 quicquid
482 3233 516 3300 in
531 3232 717 3321 predictam
731 3234 906 3301 ecclesiam
922 3234 1013 3322 juste
1032 3239 1065 3300 et
1087 3234 1212 3322 injuste
1226 3234 1372 3302 habehat

144 3360 228 3405 6616
245 3359 359 3407 661616
379 3337 611 3427 suaGirherga
633 3337 675 3407 de
696 3339 819 3407 Predas
834 3361 935 3428 quam
956 3341 1108 3408 canonici
1130 3341 1371 3429 Piperacenses

145 3450 350 3532 receperunt
380 3467 441 3534 pro
465 3447 643 3513 monacha.
668 3447 738 3514 Hoc
762 3447 892 3514 donum
918 3447 1084 3514 concessit
1111 3446 1304 3514 Bernerdus
1330 3447 1371 3515 (16

144 3548 326 3618 Verdeaun
343 3558 376 3620 61
398 3553 577 3620 liethertus
592 3553 693 3621 116161
714 3553 800 3642 ejus.
821 3555 936 3621 Testes
961 3558 1072 3620 autem
1093 3553 1196 3642 hujus
1221 3552 1268 3619 rei
1291 3559 1372 3622 sunt

145 3657 580 3739 Bertraudustllothertus,
615 3661 733 3728 Petrus
766 3659 808 3729 de
844 3661 1017 3748 tullenges
1046 3665 1078 3726 et
1116 3659 1148 3728 16
1181 3658 1307 3725 Badufa
1339 3666 1371 3733 et

146 3764 269 3830 Petrus
289 3765 330 3834 de
349 3766 513 3834 l'aulhaco
529 3769 711 3834 canonicus
726 3772 758 3834 et
773 3767 978 3836 Bertraudus
990 3768 1013 3834 F
1015 3769 1100 3856 aiga.

689 4147 785 4222 ⁴ill.
878 4148 883 4164 ”

572 4340 716 4426 (Donum)
743 4338 939 4407 duranum.

190 4543 231 4609 Α.
249 4543 354 4630 gratie
367 4545 427 4612 Dei
441 4544 671 4611 Arvernorum
686 4546 865 4632 episcopus
881 4543 1040 4611 omnihus
1053 4543 1211 4613 fidelihus
1223 4541 1367 4613 salutem

144 4654 179 4717 et
204 4648 431 4721 dilectionem.
453 4644 577 4720 Notum
604 4651 646 4720 sit
673 4649 832 4718 omnihus
857 4655 926 4719 1616
949 4649 1070 4718 futuris
1097 4672 1200 4742 quem
1226 4671 1366 4742 presen-
