3442 5642
372 559 411 620 34
781 573 963 620 rannanrun
987 572 1191 620 rrnrnacnnsr

375 669 705 682 mam--

383 816 425 886 de
443 818 600 906 Piperaeo
616 820 649 883 et
666 815 836 903 Stephano
860 817 893 882 et
917 814 1085 882 Dalnracio
1100 813 1258 882 iratribus
1280 812 1364 899 ejur,
1383 815 1416 880 et
1435 811 1596 900 quicquid

371 942 491 991 eorum
511 921 637 989 ferales
659 917 694 987 in
715 926 890 1008 posterum
912 918 992 989 dare
1010 920 1190 988 voluerint.
1209 919 1363 986 Preterea
1383 918 1594 986 Raimundus

369 1027 412 1096 de
436 1029 562 1115 Digonz
585 1032 619 1095 et
645 1028 790 1094 Peneius
816 1028 978 1094 Gaslanus
999 1031 1032 1094 et
1056 1027 1173 1094 Petrus
1201 1024 1354 1091 Rainaldi
1373 1025 1534 1114 quicquid
1558 1027 1595 1092 in
1661 1076 1664 1082 .

370 1133 489 1202 eadem
512 1133 652 1201 ecclesia
676 1133 835 1201 tenebant
856 1134 938 1199 neo·
955 1137 999 1200 et.
1013 1131 1225 1200 sanctissimo
1250 1119 1322 1198 vird
1337 1132 1471 1219 penitus
1491 1132 1594 1200 deda-

369 1243 460 1306 runt.
479 1239 551 1316 Quo
569 1240 604 1306 in
633 1240 708 1307 loco
738 1238 821 1306 dum
840 1259 964 1326 corpus
978 1238 1116 1326 jejuniis
1136 1241 1313 1305 attenuaret
1329 1242 1373 1315 ct,
1398 1243 1435 1305 ut
1450 1258 1525 1306 mos
1541 1244 1593 1306 cst

368 1345 500 1426 talium,
521 1345 643 1432 vigiliis
671 1348 898 1433 pernoctaret,
926 1344 1016 1416 fama
1044 1363 1105 1410 sue
1132 1344 1317 1411 sanctitatis
1346 1343 1592 1425 crebrescente,

368 1471 488 1520 omnes
508 1450 616 1518 incole
628 1450 694 1518 loci
715 1449 807 1517 illius
824 1449 954 1518 ardenti
975 1453 1089 1517 animo
1109 1449 1299 1516 dilexerunt
1320 1455 1353 1518 et
1369 1450 1439 1516 suis
1453 1450 1593 1518 honori-

367 1555 433 1624 bus
455 1555 672 1646 ampliarunt.
700 1555 876 1624 Pretcxtus
896 1575 1043 1643 namque
1063 1555 1213 1645 pontifex
1244 1576 1321 1622 oum
1341 1555 1448 1622 relatu
1468 1557 1594 1624 multo-

368 1683 445 1730 rum
464 1666 497 1729 at
516 1661 837 1730 discretissimoru'm
855 1681 935 1729 eum
954 1661 1123 1729 dominice
1139 1663 1237 1730 vinee
1252 1682 1322 1729 non
1342 1662 1486 1729 inertem
1507 1663 1593 1730 ecci-

367 1774 462 1853 peret
476 1768 645 1836 cultorem
657 1773 692 1836 et
711 1773 960 1836 sarmentorum
988 1768 1154 1835 sterilium
1170 1768 1263 1836 verbi
1285 1769 1343 1836 Dei
1361 1766 1472 1855 gladio
1492 1770 1594 1838 mira-

255 1955 257 1960 ,
291 1897 293 1906 ,
366 1873 469 1941 bilem
495 1874 698 1962 intelligeret
723 1879 985 1963 amputatorem,
1003 1874 1223 1962 quamplures
1243 1874 1400 1942 ecclesias
1418 1876 1594 1943 communi

365 1980 512 2068 capitulo
532 1980 864 2048 Glaromentensium
878 1980 1143 2047 chanonicorunr
1159 1985 1192 2048 et
1208 1981 1352 2048 maxime
1367 1981 1402 2046 in
1418 1978 1593 2050 audiencia

365 2083 483 2153 domni
501 2086 654 2154 Anselmi
673 2086 791 2153 decani
817 2092 849 2153 at
868 2086 1030 2155 Willelmi
1059 2084 1101 2153 de
1125 2086 1247 2173 Erymo
1272 2092 1305 2154 et
1324 2087 1442 2154 domni
1466 2088 1591 2175 Rorgui

365 2195 398 2258 et
416 2191 479 2258 Gili
495 2197 527 2260 et
542 2191 675 2260 ltadulfr
690 2193 820 2275 Ceslani
836 2193 977 2280 imperio
993 2212 1054 2259 suo
1069 2191 1233 2280 regendas
1253 2199 1338 2261 nutu
1354 2213 1590 2281 possessorum

365 2298 526 2366 attribuit.
563 2300 632 2367 Hec
668 2303 781 2367 autem
809 2304 902 2366 sunt.
921 2299 1060 2366 nomina
1090 2319 1206 2366 earum
1230 2323 1237 2365 :
1263 2300 1445 2367 Ecclesiam
1479 2301 1591 2368 Sancti

364 2404 537 2474 Vincencii
556 2410 588 2473 et
608 2406 784 2474 ecclesiam
806 2406 925 2472 Sancte
941 2403 1101 2472 Maria-de
1115 2404 1238 2472 Vetula
1264 2406 1408 2486 Brivate,
1427 2410 1460 2473 et
1484 2407 1591 2474 eccle-

364 2515 449 2579 siam
480 2513 590 2579 Sancti
620 2513 791 2579 Saturnini
817 2512 859 2578 de
884 2510 982 2590 Villa,
1014 2518 1047 2578 et
1074 2511 1252 2579 ecclesiam
1276 2507 1387 2580 Sancti
1406 2512 1526 2592 Boniti,
1555 2519 1589 2579 et

363 2617 480 2684 ambas
508 2618 667 2686 ecclesias
691 2617 887 2700 delimate,
914 2623 948 2684 ct
971 2617 1146 2684 ecclesiam
1167 2616 1209 2685 de
1231 2618 1394 2705 Flagiem,
1418 2623 1451 2686 et
1479 2618 1587 2686 eccle·

321 2801 327 2810 ,
364 2724 448 2798 siam
467 2722 689 2806 deliberare,
708 2729 741 2790 et
758 2723 934 2791 ecclesiam
953 2721 995 2790 de
1020 2722 1200 2803 Taulliaco,
1228 2729 1261 2790 et
1281 2725 1457 2792 ecclesiam
1477 2725 1587 2792 Sancti

363 2829 450 2896 Petri
472 2829 514 2897 de
530 2821 702 2910 Clruselas,
721 2834 755 2897 et
776 2829 948 2897 ecclesiam
967 2829 1077 2896 Sancti
1108 2829 1293 2896 Sebastiani
1309 2829 1351 2898 de
1380 2829 1584 2924 Valurseira‚
1690 2901 1694 2907 ,

363 2939 396 3003 et
413 2935 589 3003 ecclesiam
610 2935 721 3003 Sancti
750 2935 855 3002 Marii.
874 2936 934 3002 Cui
959 2935 1126 3022 largitioni
1142 2935 1321 3002 Rotbertus
1347 2941 1425 3004 tunc
1455 2942 1589 3024 tempo-

363 3043 409 3108 ris
431 3063 546 3110 comes
581 3043 805 3110 Arvernensis
838 3030 1019 3108 assensum
1051 3042 1185 3129 prebuit
1215 3043 1354 3129 suisque
1387 3043 1586 3112 muneribus

362 3149 603 3236 augmentavit,
622 3151 700 3238 quia
718 3147 905 3216 secundum
921 3149 979 3215 Dei
993 3149 1106 3215 virum
1125 3146 1280 3216 videlicet
1295 3149 1432 3216 Petrum
1453 3151 1586 3239 Pipara-

362 3255 472 3322 censis
492 3249 631 3324 ecclesie
647 3256 858 3343 prepositum
872 3255 1070 3323 medullitus
1087 3253 1247 3342 diligebat
1278 3262 1310 3322 et
1339 3257 1485 3324 erchana
1523 3278 1585 3324 sua

361 3365 521 3452 precipue
544 3361 727 3430 reserabat.
763 3363 976 3430 Sentenciam
995 3363 1096 3448 igitur
1123 3362 1339 3429 ecclesiarum
1355 3368 1388 3430 et
1407 3363 1537 3431 [lunum
1557 3365 1585 3430 si

362 3470 542 3537 temerario
557 3489 643 3536 ausu
660 3469 736 3558 quis
748 3469 942 3557 improbare
961 3469 1217 3557 presumpserit,
1244 3489 1263 3535 a
1282 3490 1436 3557 corpore
1461 3469 1584 3538 Christi

362 3579 395 3643 at
414 3575 555 3643 ecclesie
585 3578 783 3663 segregatus
811 3595 889 3642 cum
919 3576 1024 3642 llatan
1058 3579 1090 3641 et
1119 3574 1243 3640 Abiron
1263 3575 1297 3640 in
1324 3574 1397 3642 lacu
1431 3575 1583 3644 inferiori

362 3685 527 3778 perpetuo
549 3680 778 3770 demergetur.

918 3997 1026 4069 XLVI.

462 4210 577 4280 Bnnvu
599 4224 870 4278 unnennronrun
886 4223 1043 4279 ‚nononis
1060 4226 1215 4275 ncocnsrn
1235 4225 1482 4275 urrunncnnsrs

408 4431 437 4502 l.
449 4471 492 4483 —
504 4431 682 4503 Villelmus
698 4430 740 4500 de
755 4430 891 4498 Chanbo
906 4427 1042 4518 quando
1059 4429 1166 4498 factus
1182 4434 1233 4498 est
1247 4429 1480 4522 chanonichus
1491 4430 1583 4501 dedit

358 4540 563 4609 territorium
586 4539 628 4609 de
643 4539 792 4622 Ghanb0,
810 4537 952 4606 feudum
968 4540 1002 4606 et
1014 4535 1177 4606 alodium.
1199 4538 1238 4605 Et
1258 4538 1361 4607 homo
1376 4531 1519 4628 qui'stat
1533 4540 1581 4608 ibi
