3442 5642
375 537 411 603 tu
527 590 530 594 .
779 557 960 606 66666666
983 556 1185 604 6666666666

303 889 308 894 1
373 802 539 868 concessit
564 805 597 868 61
611 800 870 890 fidejussionem
895 801 973 869 fecit
994 801 1258 870 etdefensorem
1282 821 1318 869 se
1333 800 1489 889 promisit
1514 805 1596 870 ante

367 905 509 994 januam
524 907 635 974 Sancti
648 907 810 975 Johaunis
824 911 861 974 16
878 909 1023 975 claustro
1039 927 1152 975 coram
1165 907 1315 995 Guigone
1333 913 1411 975 tuno
1426 909 1593 996 temporis

373 1012 478 1079 electo
504 1013 539 1079 in
565 1012 733 1081 abbatem.
761 1014 847 1082 Huic
864 1013 1002 1104 quidem
1029 1015 1214 1081 contractui
1236 1015 1462 1083 iuterfuerunt
1489 1013 1521 1081 S.
1546 1015 1592 1082 de

371 1117 527 1185 Corheira
554 1121 736 1187 canonicus
765 1121 969 1204 Brivateusis
996 1127 1029 1186 et
1053 1121 1088 1186 P.
1110 1121 1253 1188 Meschis
1277 1125 1310 1189 61
1335 1121 1523 1189 Dalmacius
1546 1119 1593 1188 de

371 1225 513 1293 Perussa
532 1229 565 1294 61
586 1226 773 1295 ademarus
800 1228 948 1295 Destaiu.
963 1224 1112 1294 'Pactum
1137 1233 1189 1294 661
1213 1228 1278 1295 hoc
1302 1227 1372 1293 1111ο
1387 1227 1466 1294 Idus
1483 1227 1593 1294 Martii

369 1329 450 1398 luna
468 1333 626 1400 vicesima
642 1333 682 1422 lle
698 1348 788 1400 6666
812 1333 854 1400 ab
874 1334 1103 1400 incarnatione
1122 1334 1254 1400 Domini
1279 1334 1402 1399 1101111ο
1427 1333 1514 1401 Vlll⁰
1530 1332 1591 1400 de-

369 1436 752 1517 cimo‚1neusemartio.
776 1439 871 1507 Hanc
890 1445 1004 1508 autern
1026 1440 1160 1508 vineam
1185 1438 1356 1528 predictus
1380 1441 1415 1506 P.
1438 1438 1530 1508 dedit
1556 1445 1593 1507 61

369 1544 546 1622 concessit,
564 1545 712 1632 capitulo
727 1545 862 1612 favente
877 1543 910 1612 et
926 1545 963 1612 G.
981 1550 1063 1612 tunc
1079 1549 1242 1632 temporis
1257 1545 1363 1613 electo
1378 1547 1413 1613 iu
1433 1545 1592 1613 abbatem
1660 1589 1665 1593 -

352 1650 612 1743 consentiente,
626 1652 818 1718 sacristanie
834 1650 897 1733 sub
912 1650 970 1718 tali
985 1655 1081 1740 pacto
1097 1655 1135 1718 ut
1145 1653 1290 1720 annuale
1305 1673 1408 1720 suum
1423 1653 1591 1720 etlumen

367 1755 470 1822 unius
493 1757 659 1846 lampadis
685 1757 726 1826 de
750 1763 849 1826 nocte
873 1764 906 1826 et
931 1757 1051 1825 diebus
1075 1758 1321 1846 sollempnibus
1340 1758 1464 1847 quibus
1483 1757 1591 1826 altare

367 1868 481 1930 sancte
508 1864 609 1931 illaria
637 1867 788 1952 quinque
812 1863 970 1946 candelas
999 1861 1187 1931 declaratur
1214 1866 1406 1932 ministrare
1434 1864 1587 1932 sacrista.

367 1968 474 2056 Hujus
494 1971 541 2037 rei
558 1975 661 2038 testes
676 1976 756 2038 suut
774 1970 921 2038 Bauduis
936 1975 1017 2037 tuuc
1031 1971 1194 2060 temporis
1210 1975 1347 2038 sacrista
1362 1977 1395 2039 et
1409 1959 1590 2058 Astorgius

365 2076 457 2162 prior
468 2076 669 2164 claustralis,
682 2075 870 2144 Ademarus
885 2074 1046 2158 d'Estain,
1061 2077 1216 2144 Bernarst
1230 2078 1366 2158 Bonest‚
1380 2080 1415 2144 P.
1429 2079 1586 2159 Moschis,

365 2179 420 2247 W.
440 2183 645 2271 capellanus
664 2184 701 2256 G.
719 2181 761 2250 de
777 2183 896 2262 Sereis,
914 2181 969 2251 W.
988 2182 1030 2250 de
1046 2183 1177 2271 Salgue,
1193 2184 1231 2249 ll.
1250 2183 1452 2264 Gauserans,
1469 2184 1524 2252 W.
1543 2183 1590 2250 de

365 2295 480 2380 sancto
500 2292 610 2372 Floro,
629 2290 665 2357 P.
683 2291 791 2357 Paies.
807 2289 845 2356 ln
860 2289 1066 2378 adjutorium
1080 2290 1229 2378 predicte
1244 2291 1409 2378 lampadis
1426 2289 1590 2378 superad-

364 2394 447 2462 didit
471 2395 637 2465 decimam
663 2398 698 2464 in
721 2399 842 2484 riperia
870 2396 911 2464 de
936 2397 1072 2464 Mariust
1099 2417 1199 2485 quam
1232 2397 1312 2464 emit
1339 2395 1381 2464 de
1404 2396 1527 2464 Roffiao
1551 2403 1589 2464 et

364 2522 470 2570 uxore
495 2508 528 2570 et
545 2504 615 2570 filio
634 2490 793 2571 Rotberto
814 2503 893 2569 CLX
910 2507 943 2570 et
963 2502 1122 2571 Vsolidis
1141 2503 1257 2591 etjam
1277 2502 1385 2570 dictus
1405 2503 1589 2572 liutbertus

364 2609 508 2697 amplius
527 2608 644 2676 habuit
666 2609 694 2677 V
717 2607 843 2676 solidos
868 2629 974 2697 quum
997 2611 1162 2677 concessit
1189 2609 1337 2676 sacriste.
1589 2605 1590 2608 ’

930 3015 1011 3086 LIV.
1093 3097 1095 3102 ,

403 3234 597 3309 Notandum
612 3237 772 3307 duximus
784 3239 974 3328 legentibus
987 3239 1078 3328 quod
1093 3244 1170 3329 post
1185 3240 1394 3329 emptionem
1408 3245 1442 3309 et
1456 3240 1584 3310 multas
1664 3317 1667 3322 ,

359 3348 607 3416 controversias
626 3346 830 3435 capellarum
849 3351 886 3413 ut
915 3348 1072 3435 superius
1106 3351 1220 3435 aparet
1242 3347 1279 3414 16
1302 3348 1461 3417 auteriori
1483 3342 1580 3430 folio,

359 3455 430 3542 Ugo
444 3455 544 3522 Blaus
561 3453 642 3522 etG.
659 3459 740 3521 tunc
754 3453 917 3542 temporis
936 3452 1040 3520 abbas
1055 3459 1172 3522 noster
1186 3453 1392 3523 definierunt
1414 3454 1456 3523 de
1479 3456 1582 3522 metis

358 3560 584 3650 predictarum
607 3561 811 3650 capellarum
829 3579 914 3649 quas
933 3559 1043 3648 jurati·
1063 3561 1098 3628 P.
1128 3561 1277 3629 Marches
1293 3562 1370 3630 etS.
1391 3562 1525 3630 Bastida
1546 3568 1582 3629 et

357 3667 558 3737 Benedictus
593 3673 880 3737 monstraverunt.
916 3668 1002 3735 Huic
1033 3672 1145 3736 autem
1176 3670 1389 3736 mostrationi
1428 3668 1583 3736 interfuit

310 3831 313 3840 .
337 3835 339 3839 .
357 3775 467 3842 dictus
485 3775 589 3843 abbas
612 3781 645 3842 et
660 3775 699 3842 V.
715 3775 814 3842 lllaus
832 3774 946 3842 arbitri
962 3779 995 3842 et
1008 3776 1081 3864 ipse
1095 3775 1167 3841 Dal.
1190 3781 1223 3844 61
1237 3775 1425 3844 Ademarus
1448 3780 1482 3842 61
1505 3775 1581 3843 Bal-

300 3915 304 3922 ·
357 3881 433 3948 duis
452 3883 589 3949 sacrista
610 3887 643 3950 61
658 3883 693 3949 P.
714 3869 1503 3950 66666616666666166616.6666661111.
1525 3903 1582 3950 ca-

356 3989 513 4076 pellanus
533 3995 566 4056 61
580 3989 618 4058 G.
636 3987 678 4056 de
692 3989 800 4057 Sereis
814 3993 847 4056 61
862 3989 897 4056 P.
916 3989 1075 4056 Raimons
1093 3993 1126 4056 et
1137 3989 1172 4056 P.
1190 3989 1353 4058 Chabrols
1369 3996 1401 4058 61
1415 3991 1444 4058 J.
1461 3991 1580 4058 Malets

356 4095 441 4162 et'R.
457 4095 499 4162 de
518 4095 654 4163 11611166.
668 4096 824 4164 Definitio
841 4096 916 4163 talis
930 4095 994 4162 fuit
1007 4093 1099 4183 quod
1113 4095 1200 4162 infra
1215 4101 1322 4164 metas
1335 4097 1440 4164 nichil
1453 4095 1576 4165 amodo

355 4206 513 4290 quereret
539 4201 632 4290 quod
662 4203 828 4270 concessit
856 4206 890 4269 61
923 4202 1099 4282 decimam¹
1121 4204 1232 4270 mansi
1267 4207 1443 4288 Troiofooo
1471 4224 1576 4293 quam

356 4308 540 4376 abstulerat
567 4308 714 4377 reddidit
740 4314 773 4377 et
791 4329 853 4399 pro
872 4314 966 4398 prato
992 4309 1085 4397 quod
1104 4309 1280 4398 Astorgius
1306 4311 1433 4378 Beralts
1452 4311 1577 4398 legavit

225 4502 228 4509 Ι
356 4415 550 4483 sacristanie
563 4417 667 4505 cujus·
678 4436 755 4505 pars
771 4417 895 4485 cellarii
917 4416 1026 4486 fuerat
1050 4417 1189 4487 donavit
1208 4418 1374 4486 lmeitam
1397 4417 1439 4486 de
1459 4419 1577 4487 cicada

356 4522 417 4590 etl
436 4521 596 4609 gallinam
620 4523 663 4590 ad
681 4524 780 4591 Lerm
798 4524 835 4590 16
854 4527 1050 4592 tenemento
1068 4523 1110 4593 de
1129 4524 1251 4594 Viuola
1269 4530 1303 4594 et
1324 4524 1366 4595 de
1390 4525 1517 4595 Pescho
1542 4531 1577 4596 et

355 4630 525 4722 predictus
539 4631 642 4701 abbas
662 4631 800 4700 donavit
815 4631 845 4701 ci
863 4631 953 4698 XXX
967 4631 1107 4718 solidos..
