3442 5642
543 634 546 638 ἱ
580 573 770 622 33333333
783 572 985 621 3333333333
1330 561 1368 619 79

158 800 318 880 nandam,
334 799 434 868 salvis
454 803 487 867 et
510 798 649 866 retentis
669 796 841 886 sexaginta
866 799 898 863 et
916 795 1067 884 quinque
1089 795 1206 864 solidis
1228 796 1371 885 podien·

116 963 120 968 .
159 909 253 977 sibus
270 906 482 987 debitalibus,
499 925 586 995 3333
610 924 673 972 333
690 902 779 971 idem
804 905 895 992 prior
920 903 1115 991 abantiquo
1136 904 1273 973 nomine
1295 906 1374 974 dicti

159 1015 328 1106 prioratus
358 1014 465 1082 nostri
496 1013 529 1079 in
571 1010 657 1079 dicta
683 1009 810 1100 capella
839 1009 1079 1077 consuevimus
1111 1010 1282 1098 percipere
1315 1031 1376 1078 33-

160 1122 301 1190 nuatim.
322 1122 361 1189 llt
379 1140 442 1188 nos
466 1119 576 1188 dictus
595 1117 697 1188 abbas
722 1117 868 1205 Piperaoi
891 1136 953 1205 pro
977 1115 1076 1183 nobis
1096 1121 1130 1183 et
1158 1118 1283 1185 nostris
1300 1139 1376 1187 suo-

160 1227 351 1298 cessoribus
370 1226 493 1295 dictam
514 1224 732 1293 donatiouem
752 1227 784 1290 et
803 1222 1015 1290 collationem
1037 1212 1230 1304 laudamus,
1252 1245 1375 1314 appro-

161 1336 282 1404 bemus
302 1340 339 1403 33
364 1334 464 1403 etiam
490 1332 744 1400 confirmamus.
765 1330 805 1397 Et
830 1329 863 1396 in
887 1329 1118 1397 testimonium
1145 1330 1374 1419 predictorum

162 1463 225 1511 uos
253 1439 553 1532 predictusabbas
575 1442 609 1507 et
627 1437 719 1527 prior
747 1435 856 1504 dic-tus
885 1435 927 1504 de
947 1435 1170 1505 Podomniaco
1198 1439 1257 1506 tibi
1286 1438 1373 1510 dioto

162 1549 281 1619 loanni
308 1547 370 1617 has
395 1551 570 1637 presentes
598 1546 725 1614 litteras
749 1544 908 1634 sigillatas
932 1544 1049 1634 sigillis
1082 1547 1206 1616 nostris
1232 1550 1376 1638 propriis

163 1655 283 1726 damus
302 1643 365 1746 p'ro
387 1654 486 1736 nobis
504 1658 537 1723 et
554 1653 679 1721 nostris
704 1651 954 1720 successorihus
973 1651 1122 1740 quandiu
1147 1656 1269 1722 vixeris
1293 1656 1377 1724 vali-

162 1770 267 1844 turas.
284 1764 404 1831 Datum
420 1759 473 1830 die
491 1760 619 1830 sabbati
632 1765 710 1850 post
730 1763 904 1826 [avocavit
924 1781 988 1840 333,
1010 1779 1099 1828 3333
1115 1761 1253 1830 Domini·
1269 1763 1378 1833 mille-

164 1871 250 1941 simo
273 1870 505 1940 ducentesimo
526 1868 774 1960 septuagesimo
799 1887 902 1935 nono.

208 1979 246 2048 In
265 1979 325 2047 Dei
348 1980 486 2046 nomine
503 1996 621 2056 amem
643 1994 731 2042 auno
758 1973 997 2043 incarnationis
1023 1972 1177 2063 ejusdem
1197 1976 1378 2049 millesimo

166 2085 398 2155 ducentesimo
418 2083 645 2172 octuagesimo
660 2081 791 2171 quinto,
813 2081 938 2149 scilieet
956 2081 1056 2149 nonis
1079 2083 1226 2171 augusti.
1255 2083 1381 2154 Notum

167 2194 209 2261 sit
223 2192 391 2261 universis
408 2195 442 2258 et
460 2188 601 2279 siugulis
620 2193 795 2278 presentes
822 2188 949 2268 litteras
973 2187 1176 2278 inspecturis
1200 2190 1290 2280 quod
1317 2214 1381 2263 nos

166 2299 263 2390 Hugo
283 2297 454 2383 bernardi,
475 2296 567 2387 prior
585 2296 752 2386 prioratus
775 2294 1025 2384 Podompniaci,
1050 2301 1182 2384 sponte,
1199 2297 1381 2369 liberaliter

167 2412 201 2476 et
215 2406 374 2495 benigne,
398 2402 610 2473 considerata
633 2403 666 2469 in
687 2402 750 2471 hoc
771 2403 912 2470 utilitate
932 2403 1010 2470 dicti
1029 2402 1197 2492 prioratus
1221 2408 1382 2476 attentius

167 2518 201 2583 et
227 2514 389 2602 inspecta,
418 2510 601 2601 pronubis
627 2516 660 2577 et
685 2508 936 2579 successoribus
963 2510 1089 2578 nostris
1115 2510 1284 2598 prioribus
1304 2513 1383 2584 dicti

168 2621 347 2710 prioratus,
384 2618 426 2687 de
463 2619 637 2686 voluntate
677 2621 710 2686 et
743 2636 903 2707 expresso
938 2636 1109 2686 consensu
1141 2621 1319 2690 reverendi
1346 2623 1382 2692 in

169 2727 300 2796 Christo
319 2726 422 2814 patris
437 2723 565 2793 domini
585 2724 746 2793 Armandi
771 2723 849 2792 dicti
871 2721 1013 2806 d'Ussel,
1034 2724 1162 2794 abbatis
1175 2728 1383 2798 >monasterii

170 2832 316 2922 Piperaoi
332 2831 616 2900 Glaromontensis
632 2830 786 2912 diocesis,
800 2851 1016 2899 assensamus
1032 2836 1065 2902 et
1085 2852 1172 2901 novo
1188 2835 1285 2903 titulo
1300 2855 1384 2924 pure

172 2944 204 3008 33
217 2940 363 3030 perfecte
385 2939 625 3008 assensationis
648 2938 864 3007 concedimus
890 2943 923 3007 et
948 2934 1110 3007 tradimus
1134 2941 1229 3009 vobis
1245 2941 1383 3013 domino

171 3047 290 3115 loanni
312 3045 496 3126 Maurandi,
513 3044 697 3135 capellano
716 3043 855 3113 ecclesie
878 3063 938 3113 seu
957 3042 1083 3134 capelle
1106 3042 1216 3116 Sancti
1238 3045 1324 3119 Petri
1343 3044 1385 3120 de

172 3153 284 3222 Bilhao
298 3153 475 3233 antedicta,
493 3152 639 3241 presenti
661 3156 695 3220 et
710 3151 883 3241 stipulanti
904 3156 937 3221 33
953 3152 1092 3221 nomine
1113 3153 1222 3242 ipsius
1246 3154 1385 3228 ecclesie

173 3264 206 3330 et
222 3281 282 3350 pro
297 3263 370 3348 ipsa
394 3259 578 3348 recipienti,
595 3257 636 3326 ad
651 3279 793 3328 censum
808 3279 960 3328 annuum
978 3261 1077 3328 trium
1093 3265 1301 3332 emisnarum
1316 3260 1387 3334 bla-

174 3368 296 3437 dorum
315 3365 356 3436 ad
381 3386 576 3435 mensuram
601 3365 677 3434 dicti
701 3367 881 3456 prioratus,
903 3367 1028 3437 scilicet
1054 3369 1156 3437 unius
1183 3371 1295 3441 emine
1315 3371 1387 3441 iru-

175 3477 280 3544 menti
300 3476 504 3563 alteriusque
526 3474 637 3542 emine
652 3474 795 3562 siliginis
810 3479 843 3542 et
858 3475 960 3544 unius
982 3476 1114 3544 cartalis
1134 3473 1227 3545 ordei
1250 3483 1284 3546 et
1303 3480 1387 3548 alte⁴

175 3585 246 3652 rius
269 3583 400 3651 cartalis
426 3602 543 3663 avene,
568 3579 723 3650 videlieet
752 3582 872 3652 totales
899 3582 983 3652 duas
1013 3588 1125 3672 partes
1152 3605 1214 3675 pro
1242 3571 1386 3658 indiviso

176 3690 383 3759 decimarum
406 3688 583 3758 bladorum
607 3709 692 3778 3333
713 3689 879 3759 habemus
902 3697 936 3759 et
959 3692 1177 3781 percipimus,
1202 3691 1326 3764 habere
1355 3699 1388 3766 et

176 3799 348 3889 percipere
370 3798 608 3866 consuevimus
626 3817 688 3886 pro
707 3795 795 3867 dicto
810 3799 959 3886 prioratu
981 3802 1097 3867 nostro
1115 3797 1330 3871 Podomniaoi
1357 3811 1390 3872 et
1429 3849 1431 3854 -

178 3909 316 3975 nomine
329 3906 436 3994 ipsius
450 3904 485 3972 in
509 3903 713 3994 quibusdam
732 3905 831 3974 certis
855 3905 1035 3996 terrisque
1060 3909 1197 3975 suntin
1222 3911 1390 3979 territorio

179 4012 264 4082 dicte
284 4012 422 4081 ecclesie
439 4013 548 4081 Sancti
568 4012 653 4080 Petri
670 4011 712 4079 de
729 4011 852 4094 Bilhao,
874 4032 1088 4102 quecumque
1105 4015 1173 4082 sint
1191 4020 1224 4085 et
1238 4016 1392 4088 ubicum-

179 4140 261 4209 que;
281 4120 377 4189 tertia
395 4139 476 4189 vero
491 4140 568 4210 pars
587 4118 750 4188 dictarum
765 4117 973 4189 decimarum
988 4119 1074 4189 dicte
1088 4123 1234 4210 pertinet
1253 4125 1393 4194 ecclesie

180 4228 289 4296 Sancti
307 4228 393 4296 Petri
408 4226 450 4296 de
469 4228 581 4296 llilhac
601 4215 671 4296 sive
687 4227 815 4317 capelle
828 4228 863 4295 in
883 4225 1040 4316 predictis
1061 4231 1171 4312 terris,
1192 4235 1225 4299 et
1247 4230 1393 4320 amplius

180 4334 317 4403 totalem
340 4334 433 4402 illam
450 4339 600 4403 carnium
626 4335 790 4404 decimam
806 4355 908 4424 quam
928 4337 1028 4404 etiam
1052 4335 1218 4406 habemus
1237 4343 1270 4408 et
1284 4339 1393 4428 perol-

180 4442 294 4532 pimus
313 4443 451 4511 nomine
466 4463 533 4532 quo
558 4460 660 4532 supra
682 4442 811 4512 invilla
833 4441 874 4511 de
889 4442 1013 4523 Bilhao,
1034 4441 1195 4513 facientes
1213 4465 1251 4514 ac
1269 4444 1393 4515 consti·

180 4553 314 4620 tuentes
329 4569 389 4620 ros
404 4547 530 4620 dictum
546 4547 724 4620 dominum
744 4549 907 4620 loannem
927 4550 1144 4643 recipientem
1167 4556 1306 4623 nomina
1323 4567 1390 4650 333
