3442 5642
367 602 405 666 38
637 649 641 655 .
773 617 956 664 rnunlmuu
978 615 1183 664 rirnnlorusu
1217 686 1220 690 Ι

409 863 464 930 38.
490 903 534 912 -
553 860 732 931 Villelmus
747 861 790 930 de
805 862 972 930 Taulhaeo
986 859 1079 929 dedit
1092 862 1161 930 Deo
1179 865 1212 930 et
1230 860 1350 930 Sancte
1376 862 1477 931 Maria
1505 861 1593 930 allo-

366 970 462 1038 dium
482 970 659 1058 eujusdam
674 969 784 1036 mansi
804 968 992 1056 d’Anglars.
1015 968 1225 1055 Quapropter
1244 969 1396 1036 canonici
1422 969 1464 1036 de
1490 969 1591 1059 Pipe-

366 1097 443 1144 raoo
459 1075 627 1144 dederunt
643 1076 729 1143 duos
753 1095 872 1163 equos,

411 1183 466 1252 111υ
491 1223 535 1232 -
558 1183 747 1273 Stephanus
763 1181 926 1250 dettoeha
942 1179 1034 1248 dedit
1048 1181 1116 1248 Deo
1133 1185 1165 1248 et
1183 1181 1301 1249 Sancte
1319 1182 1420 1250 Marte
1446 1182 1589 1251 feudum
1718 1263 1719 1288 Χ

367 1285 523 1380 ejusdem
537 1291 659 1358 mansi.
1279 1306 1283 1312 ·
1718 1291 1719 1296 ’

411 1398 465 1464 30,
491 1437 535 1445 -
561 1395 770 1464 Raimundus
785 1394 945 1462 Bernardi
966 1391 1058 1461 dedit
1071 1395 1140 1461 Deo
1156 1399 1189 1462 et
1206 1395 1324 1462 Sancte
1343 1395 1444 1463 Mario
1461 1396 1589 1463 011Αο-
1613 1487 1619 1493 .
1718 1439 1719 1442 =

364 1504 453 1592 glai-s
472 1502 691 1571 medietatem
705 1500 797 1568 feudi
817 1507 850 1569 et
869 1500 970 1568 alodii
985 1499 1028 1568 de
1049 1521 1170 1568 manso
1191 1501 1357 1569 Dantillae
1377 1506 1410 1568 et
1428 1502 1590 1572 vicariam

319 1677 322 1682 .
366 1609 607 1676 totiusmansi.

409 1716 465 1786 3l.
490 1756 534 1764 —-
558 1716 737 1784 villelmus
753 1717 794 1784 de
808 1717 965 1804 Piperaeo
976 1712 1070 1783 dedit
1079 1715 1176 1783 beate
1194 1715 1296 1783 Marte
1307 1722 1438 1804 partem
1458 1715 1588 1786 decime

313 1844 318 1854 ·
364 1843 464 1912 quarn
484 1823 631 1914 hahebat
658 1824 694 1890 in
723 1823 811 1890 valle
840 1823 1051 1910 Piperaoeusi
1074 1826 1107 1890 et
1133 1822 1277 1890 feudum
1305 1829 1337 1890 et
1364 1823 1527 1892 allodium
1554 1832 1588 1893 et

363 1929 520 1996 vinariam
546 1928 701 2017 ejusdem
730 1929 912 2018 apendarie
937 1928 994 1996 uhi
1021 1928 1130 1996 stabat
1160 1928 1351 2018 Stephanus
1378 1931 1524 1998 Blaneus
1553 1939 1587 2000 et

259 2039 260 2042 ’
364 2037 522 2104 vinariam
542 2037 652 2104 mansi
672 2035 715 2102 de
734 2037 766 2103 la
785 2035 943 2104 Roeheta
963 2034 1059 2111 Quod
1075 2033 1206 2104 donum
1232 2035 1382 2106 laudavit
1405 2037 1586 2106 Rothertus
1719 2109 1720 2142 p

364 2143 457 2210 filius
477 2142 562 2230 ejus.
1719 2203 1720 2216 p

409 2249 463 2315 33.
489 2289 534 2297 -
558 2249 701 2316 Peneius
720 2247 874 2335 d'llstorg
892 2245 985 2314 dedit
999 2248 1068 2314 Deo
1084 2252 1116 2316 et
1131 2248 1250 2316 Sancte
1268 2249 1369 2317 Mario
1385 2249 1532 2318 brolium
1551 2258 1586 2319 et
1719 2245 1720 2250 ’

363 2360 456 2424 ortos
471 2356 598 2423 d’Orlat
617 2356 652 2422 in
671 2375 775 2422 manu
795 2353 954 2422 Bernardi
978 2354 1108 2422 abbatis
1131 2375 1193 2443 pro
1217 2354 1451 2446 redemptione
1469 2359 1585 2446 anime¹

363 2483 436 2532 sue.
458 2464 530 2530 Hoe
548 2463 678 2530 donum
698 2460 920 2529 laudaverunt
943 2460 1122 2528 Villelmus
1147 2462 1289 2550 Destorg
1317 2468 1350 2530 et
1380 2463 1527 2532 Beradus
1552 2473 1584 2533 et

365 2569 473 2639 Odil0.

408 2677 460 2744 33.
487 2715 531 2724 -
556 2675 700 2744 Peneius
727 2673 888 2742 Geraldus
921 2672 1013 2742 dedit
1045 2675 1164 2742 Sancte
1197 2675 1298 2743 Maria
1322 2673 1364 2744 de
1390 2676 1585 2766 Piperaool

362 2782 604 2872 appenderiam
617 2782 659 2849 ad
679 2782 782 2862 Orlat,
801 2781 858 2849 uhi
874 2781 965 2848 stetit
978 2781 1141 2850 (teraldus
1161 2782 1291 2850 Pontet.

406 2888 532 2957 31-
565 2887 744 2956 Rothertus
763 2907 877 2955 eomes
914 2885 1007 2955 dedit
1031 2888 1150 2955 Sancte
1169 2888 1270 2955 Marie
1285 2888 1328 2956 de
1356 2890 1515 2978 Piperaeo
1549 2899 1583 2960 et

362 2994 489 3064 domno
505 2996 602 3062 Petro
620 2995 729 3082 primo
743 2995 954 3083 Piperaoensi
967 2994 1139 3083 preposito
1150 2993 1312 3061 allodium
1335 2994 1378 3063 de
1397 2996 1600 3079 (1011111100.,

407 3103 462 3190 35.
488 3141 533 3150 -
557 3102 596 3168 Et
622 3122 708 3168 uxor
731 3099 893 3188 tlldigerii
920 3099 963 3168 de
983 3100 1150 3168 Taulhaoo
1170 3099 1261 3168 dedit
1286 3101 1382 3170 beate
1412 3103 1514 3172 Marte
1539 3104 1582 3173 de

363 3211 520 3298 Piperauo
535 3212 645 3276 totum
674 3207 758 3275 illud
782 3207 874 3296 quod
898 3208 931 3274 in
948 3205 1098 3295 predicto
1113 3227 1234 3275 manso
1251 3207 1408 3276 habebat.
1443 3210 1483 3276 Et
1511 3211 1582 3304 Ste-

362 3315 494 3405 phanus
512 3314 642 3382 Beraldi
671 3318 704 3381 et
731 3315 852 3382 lterius
873 3313 915 3382 de
932 3313 1092 3381 Mazeirae
1115 3317 1148 3381 et
1167 3313 1367 3382 Guillelmus
1386 3314 1524 3384 Ebrardi
1549 3326 1583 3387 et

362 3422 422 3489 filii
447 3422 520 3510 ejus
540 3421 708 3489 dederunt
735 3419 898 3510 quidquid
926 3421 960 3486 in
993 3419 1143 3508 predicto
1172 3420 1471 3489 raeiooinahantur.
1503 3417 1584 3492 Berss

362 3526 513 3595 mundus
536 3527 578 3595 de
611 3527 746 3595 (thanais
772 3533 806 3594 et
832 3526 950 3593 fratres
970 3525 1044 3614 ejus
1064 3524 1231 3594 dederunt
1264 3526 1383 3596 Sancte
1408 3528 1510 3597 Marie
1538 3531 1581 3600 de

362 3633 519 3720 Piperaeo
535 3631 700 3722 quidquid
720 3634 754 3700 in
770 3705 773 3712 ,
790 3632 939 3721 predicto
967 3652 1089 3700 manso
1109 3632 1410 3714 raoioeiuabantur,
1442 3635 1580 3723 quando

361 3739 453 3806 filius
473 3740 546 3827 ejus
561 3740 741 3807 Villelmus
756 3738 970 3806 Bermundus
988 3739 1096 3806 faetus
1112 3743 1163 3806 est
1179 3740 1373 3807 canonieus

406 3844 460 3914 311.
486 3887 529 3894 -
554 3831 698 3914 Peneius
731 3845 864 3913 Geraldi
897 3844 989 3913 dedit
1016 3844 1157 3913 seudum
1191 3844 1345 3933 ejusdem
1372 3848 1483 3915 mansi
1518 3870 1580 3936 pro

360 3953 536 4041 sepulture
550 3953 662 4020 fratris
691 3956 755 4020 suit
788 3951 1001 4020 Medietatem
1020 3952 1118 4040 eujus
1136 3950 1227 4020 leudi
1256 3952 1391 4020 tenebat
1419 3953 1516 4021 Nivio
1536 3955 1579 4022 de

361 4058 485 4126 Pradas
505 4059 548 4128 de
562 4059 684 4128 eodem
708 4060 843 4140 Pontio,
877 4079 979 4146 quam
1007 4057 1159 4125 vendidit
1189 4062 1262 4146 ipse
1292 4057 1389 4126 Nivio
1417 4059 1578 4128 fratribus

362 4165 650 4255 Piperaeensibus
671 4166 876 4255 Oetuagenta
896 4165 1022 4232 solidos
1050 4165 1289 4234 cumconsilio
1318 4169 1434 4233 uxoris
1458 4186 1518 4234 sue
1547 4174 1580 4236 et

224 4345 226 4349 ,
362 4272 464 4338 etiam
494 4271 555 4338 filii
584 4273 637 4340 sui
668 4270 881 4340 donaverunt
913 4271 1077 4339 similiter.
1108 4271 1224 4339 Testes
1254 4275 1334 4338 sunt
1377 4271 1578 4340 Aldebertus

361 4377 508 4445 Villelmi
524 4381 557 4446 et
570 4379 777 4448 Bertrandus
801 4378 986 4458 PolatinuS‚
1015 4383 1174 4467 presente
1193 4378 1316 4445 Ponoio
1342 4378 1383 4447 de
1404 4378 1527 4446 Pradas
1547 4386 1580 4447 et

360 4483 529 4553 Dalmaoio
544 4485 676 4555 Cozieu.
693 4487 733 4552 Et
752 4489 860 4553 totum
879 4484 962 4551 illud
978 4484 1069 4574 quod
1083 4483 1282 4552 eldebertus
1294 4485 1418 4553 Gonelz
1434 4485 1579 4553 habebat

358 4591 394 4657 in
414 4591 488 4684 ipso
505 4613 623 4662 manso
639 4597 767 4662 emerat
786 4592 885 4662 etiam
902 4590 1127 4684 supradictus
1146 4591 1244 4659 Nivio
1258 4591 1287 4658 X
1303 4591 1420 4660 solidis
1441 4591 1483 4658 ab
1503 4595 1576 4681 ipso
